<Date>, <Time>, <Price>, <Volume>
2014/4/16,9:15:00,2233.4,22
2014/4/16,9:15:00,2233.8,430
2014/4/16,9:15:01,2234.4,162
2014/4/16,9:15:01,2234.0,126
2014/4/16,9:15:02,2234.0,113
2014/4/16,9:15:02,2234.4,57
2014/4/16,9:15:03,2234.0,71
2014/4/16,9:15:03,2234.2,33
2014/4/16,9:15:04,2234.6,52
2014/4/16,9:15:04,2234.8,42
2014/4/16,9:15:05,2235.0,43
2014/4/16,9:15:05,2235.2,36
2014/4/16,9:15:06,2235.2,51
2014/4/16,9:15:06,2235.4,30
2014/4/16,9:15:07,2235.4,40
2014/4/16,9:15:07,2235.4,14
2014/4/16,9:15:08,2235.4,56
2014/4/16,9:15:08,2234.8,15
2014/4/16,9:15:09,2234.8,48
2014/4/16,9:15:09,2234.6,35
2014/4/16,9:15:10,2234.2,64
2014/4/16,9:15:10,2234.0,38
2014/4/16,9:15:11,2234.0,35
2014/4/16,9:15:11,2234.0,50
2014/4/16,9:15:12,2233.6,65
2014/4/16,9:15:12,2233.4,36
2014/4/16,9:15:13,2233.4,39
2014/4/16,9:15:13,2233.6,18
2014/4/16,9:15:14,2233.4,14
2014/4/16,9:15:14,2233.4,22
2014/4/16,9:15:15,2233.0,45
2014/4/16,9:15:15,2233.2,33
2014/4/16,9:15:16,2232.8,69
2014/4/16,9:15:16,2233.0,35
2014/4/16,9:15:17,2232.8,43
2014/4/16,9:15:17,2233.2,36
2014/4/16,9:15:18,2233.0,33
2014/4/16,9:15:18,2233.0,69
2014/4/16,9:15:19,2232.8,76
2014/4/16,9:15:19,2232.6,29
2014/4/16,9:15:20,2232.4,61
2014/4/16,9:15:20,2232.8,53
2014/4/16,9:15:21,2232.6,23
2014/4/16,9:15:21,2232.2,17
2014/4/16,9:15:22,2232.2,29
2014/4/16,9:15:22,2232.4,72
2014/4/16,9:15:23,2232.6,58
2014/4/16,9:15:23,2232.6,70
2014/4/16,9:15:24,2232.4,17
2014/4/16,9:15:24,2232.8,36
2014/4/16,9:15:25,2232.6,10
2014/4/16,9:15:25,2232.6,26
2014/4/16,9:15:26,2232.6,9
2014/4/16,9:15:26,2232.6,22
2014/4/16,9:15:27,2232.6,46
2014/4/16,9:15:27,2232.8,17
2014/4/16,9:15:28,2232.6,30
2014/4/16,9:15:28,2232.8,35
2014/4/16,9:15:29,2232.8,40
2014/4/16,9:15:29,2232.8,9
2014/4/16,9:15:30,2233.0,20
2014/4/16,9:15:30,2233.0,9
2014/4/16,9:15:31,2233.4,15
2014/4/16,9:15:31,2233.2,7
2014/4/16,9:15:32,2233.4,12
2014/4/16,9:15:32,2233.4,27
2014/4/16,9:15:33,2233.4,16
2014/4/16,9:15:33,2233.4,27
2014/4/16,9:15:34,2233.2,12
2014/4/16,9:15:34,2233.4,9
2014/4/16,9:15:35,2233.0,4
2014/4/16,9:15:35,2233.4,6
2014/4/16,9:15:36,2233.0,3
2014/4/16,9:15:36,2233.2,60
2014/4/16,9:15:37,2233.0,21
2014/4/16,9:15:37,2233.2,7
2014/4/16,9:15:38,2233.2,6
2014/4/16,9:15:38,2233.0,26
2014/4/16,9:15:39,2233.2,8
2014/4/16,9:15:39,2233.2,10
2014/4/16,9:15:40,2233.2,10
2014/4/16,9:15:40,2233.4,34
2014/4/16,9:15:41,2233.2,97
2014/4/16,9:15:41,2233.2,56
2014/4/16,9:15:42,2233.2,5
2014/4/16,9:15:42,2233.4,11
2014/4/16,9:15:43,2233.2,6
2014/4/16,9:15:43,2233.2,8
2014/4/16,9:15:44,2233.4,24
2014/4/16,9:15:44,2233.0,30
2014/4/16,9:15:45,2233.4,14
2014/4/16,9:15:45,2233.4,4
2014/4/16,9:15:46,2233.4,10
2014/4/16,9:15:46,2233.4,34
2014/4/16,9:15:47,2233.0,27
2014/4/16,9:15:47,2233.4,9
2014/4/16,9:15:48,2233.4,14
2014/4/16,9:15:48,2233.0,8
2014/4/16,9:15:49,2233.4,4
2014/4/16,9:15:49,2233.4,2
2014/4/16,9:15:50,2233.0,45
2014/4/16,9:15:50,2233.4,34
2014/4/16,9:15:51,2233.0,4
2014/4/16,9:15:51,2233.4,35
2014/4/16,9:15:52,2233.4,11
2014/4/16,9:15:52,2233.2,7
2014/4/16,9:15:53,2233.4,13
2014/4/16,9:15:53,2233.0,8
2014/4/16,9:15:54,2233.0,30
2014/4/16,9:15:54,2233.2,11
2014/4/16,9:15:55,2233.4,3
2014/4/16,9:15:55,2233.4,14
2014/4/16,9:15:56,2233.2,6
2014/4/16,9:15:56,2233.4,15
2014/4/16,9:15:57,2233.2,71
2014/4/16,9:15:57,2233.4,13
2014/4/16,9:15:58,2233.0,16
2014/4/16,9:15:58,2233.0,7
2014/4/16,9:15:59,2233.2,2
2014/4/16,9:15:59,2233.0,26
2014/4/16,9:16:00,2233.0,44
2014/4/16,9:16:00,2233.0,67
2014/4/16,9:16:01,2232.6,48
2014/4/16,9:16:01,2232.6,31
2014/4/16,9:16:02,2232.4,9
2014/4/16,9:16:02,2232.6,47
2014/4/16,9:16:03,2232.6,14
2014/4/16,9:16:03,2232.6,14
2014/4/16,9:16:04,2232.6,16
2014/4/16,9:16:04,2232.6,22
2014/4/16,9:16:05,2232.6,44
2014/4/16,9:16:05,2232.8,28
2014/4/16,9:16:06,2232.8,15
2014/4/16,9:16:06,2232.6,13
2014/4/16,9:16:07,2232.8,4
2014/4/16,9:16:07,2232.6,8
2014/4/16,9:16:08,2232.6,13
2014/4/16,9:16:08,2232.6,16
2014/4/16,9:16:09,2232.8,9
2014/4/16,9:16:09,2232.8,1
2014/4/16,9:16:10,2232.4,31
2014/4/16,9:16:10,2232.4,14
2014/4/16,9:16:11,2232.4,8
2014/4/16,9:16:11,2232.6,11
2014/4/16,9:16:12,2232.6,13
2014/4/16,9:16:12,2232.6,9
2014/4/16,9:16:13,2232.8,48
2014/4/16,9:16:13,2232.4,27
2014/4/16,9:16:14,2232.8,6
2014/4/16,9:16:14,2232.8,13
2014/4/16,9:16:15,2232.6,14
2014/4/16,9:16:15,2232.6,6
2014/4/16,9:16:16,2232.4,4
2014/4/16,9:16:16,2232.6,10
2014/4/16,9:16:17,2232.6,11
2014/4/16,9:16:17,2232.4,5
2014/4/16,9:16:18,2232.4,5
2014/4/16,9:16:18,2232.6,40
2014/4/16,9:16:19,2232.2,29
2014/4/16,9:16:19,2232.2,3
2014/4/16,9:16:20,2232.2,13
2014/4/16,9:16:20,2232.2,14
2014/4/16,9:16:21,2232.4,26
2014/4/16,9:16:21,2232.2,39
2014/4/16,9:16:22,2232.2,22
2014/4/16,9:16:22,2232.2,8
2014/4/16,9:16:23,2232.0,6
2014/4/16,9:16:23,2232.0,71
2014/4/16,9:16:24,2232.0,11
2014/4/16,9:16:24,2232.0,26
2014/4/16,9:16:25,2232.0,34
2014/4/16,9:16:25,2232.0,17
2014/4/16,9:16:26,2232.0,29
2014/4/16,9:16:26,2232.0,34
2014/4/16,9:16:27,2232.2,10
2014/4/16,9:16:27,2232.2,9
2014/4/16,9:16:28,2232.0,12
2014/4/16,9:16:28,2232.2,7
2014/4/16,9:16:29,2232.0,14
2014/4/16,9:16:29,2232.2,12
2014/4/16,9:16:30,2232.4,108
2014/4/16,9:16:30,2232.0,30
2014/4/16,9:16:31,2232.0,146
2014/4/16,9:16:31,2232.0,57
2014/4/16,9:16:32,2231.8,55
2014/4/16,9:16:32,2232.0,19
2014/4/16,9:16:33,2232.2,18
2014/4/16,9:16:33,2232.4,19
2014/4/16,9:16:34,2232.4,26
2014/4/16,9:16:34,2232.2,12
2014/4/16,9:16:35,2232.4,30
2014/4/16,9:16:35,2232.0,40
2014/4/16,9:16:36,2232.0,19
2014/4/16,9:16:36,2232.0,16
2014/4/16,9:16:37,2232.0,12
2014/4/16,9:16:37,2231.8,10
2014/4/16,9:16:38,2232.0,3
2014/4/16,9:16:38,2232.0,6
2014/4/16,9:16:39,2231.8,7
2014/4/16,9:16:39,2232.0,9
2014/4/16,9:16:40,2231.8,8
2014/4/16,9:16:40,2232.0,27
2014/4/16,9:16:41,2231.8,14
2014/4/16,9:16:41,2231.8,9
2014/4/16,9:16:42,2231.8,13
2014/4/16,9:16:42,2231.8,17
2014/4/16,9:16:43,2231.8,4
2014/4/16,9:16:43,2231.8,18
2014/4/16,9:16:44,2231.8,11
2014/4/16,9:16:44,2231.8,14
2014/4/16,9:16:45,2231.8,26
2014/4/16,9:16:45,2231.6,8
2014/4/16,9:16:46,2231.8,42
2014/4/16,9:16:46,2231.4,123
2014/4/16,9:16:47,2231.4,25
2014/4/16,9:16:47,2231.6,15
2014/4/16,9:16:48,2231.4,60
2014/4/16,9:16:48,2231.4,34
2014/4/16,9:16:49,2231.4,15
2014/4/16,9:16:49,2231.2,33
2014/4/16,9:16:50,2231.2,26
2014/4/16,9:16:50,2231.0,13
2014/4/16,9:16:51,2231.2,55
2014/4/16,9:16:51,2231.0,25
2014/4/16,9:16:52,2231.2,34
2014/4/16,9:16:52,2231.2,19
2014/4/16,9:16:53,2231.2,14
2014/4/16,9:16:53,2231.2,34
2014/4/16,9:16:54,2231.2,34
2014/4/16,9:16:54,2231.2,14
2014/4/16,9:16:55,2231.6,10
2014/4/16,9:16:55,2231.4,60
2014/4/16,9:16:56,2231.4,9
2014/4/16,9:16:56,2231.4,60
2014/4/16,9:16:57,2231.4,22
2014/4/16,9:16:57,2231.4,26
2014/4/16,9:16:58,2231.4,30
2014/4/16,9:16:58,2231.6,4
2014/4/16,9:16:59,2231.4,21
2014/4/16,9:16:59,2231.4,10
2014/4/16,9:17:00,2231.8,12
2014/4/16,9:17:00,2231.4,27
2014/4/16,9:17:01,2231.8,27
2014/4/16,9:17:01,2231.6,41
2014/4/16,9:17:02,2231.6,6
2014/4/16,9:17:02,2231.8,12
2014/4/16,9:17:03,2231.6,9
2014/4/16,9:17:03,2231.8,10
2014/4/16,9:17:04,2232.0,5
2014/4/16,9:17:04,2232.0,26
2014/4/16,9:17:05,2231.6,54
2014/4/16,9:17:05,2232.0,15
2014/4/16,9:17:06,2232.0,19
2014/4/16,9:17:06,2231.6,47
2014/4/16,9:17:07,2231.8,5
2014/4/16,9:17:07,2231.6,3
2014/4/16,9:17:08,2231.8,18
2014/4/16,9:17:08,2231.8,11
2014/4/16,9:17:09,2231.8,9
2014/4/16,9:17:09,2231.8,2
2014/4/16,9:17:10,2231.6,15
2014/4/16,9:17:10,2231.8,3
2014/4/16,9:17:11,2232.0,11
2014/4/16,9:17:11,2231.8,5
2014/4/16,9:17:12,2231.6,5
2014/4/16,9:17:12,2231.6,72
2014/4/16,9:17:13,2232.0,15
2014/4/16,9:17:13,2231.8,8
2014/4/16,9:17:14,2232.0,7
2014/4/16,9:17:14,2231.8,6
2014/4/16,9:17:15,2231.6,6
2014/4/16,9:17:15,2231.6,9
2014/4/16,9:17:16,2231.8,21
2014/4/16,9:17:16,2231.8,40
2014/4/16,9:17:17,2231.6,13
2014/4/16,9:17:17,2231.6,17
2014/4/16,9:17:18,2232.0,6
2014/4/16,9:17:18,2231.8,8
2014/4/16,9:17:19,2232.0,9
2014/4/16,9:17:19,2231.8,7
2014/4/16,9:17:20,2231.8,5
2014/4/16,9:17:20,2231.8,4
2014/4/16,9:17:21,2231.8,4
2014/4/16,9:17:21,2231.6,20
2014/4/16,9:17:22,2231.6,5
2014/4/16,9:17:22,2231.4,22
2014/4/16,9:17:23,2231.6,4
2014/4/16,9:17:23,2231.6,7
2014/4/16,9:17:24,2231.6,10
2014/4/16,9:17:24,2231.6,3
2014/4/16,9:17:25,2231.6,7
2014/4/16,9:17:25,2231.6,4
2014/4/16,9:17:26,2231.6,31
2014/4/16,9:17:26,2231.8,13
2014/4/16,9:17:27,2231.8,1
2014/4/16,9:17:27,2232.0,2
2014/4/16,9:17:28,2232.0,20
2014/4/16,9:17:28,2231.8,4
2014/4/16,9:17:29,2231.6,41
2014/4/16,9:17:29,2231.8,9
2014/4/16,9:17:30,2231.8,1
2014/4/16,9:17:30,2231.8,9
2014/4/16,9:17:31,2232.0,12
2014/4/16,9:17:32,2232.0,3
2014/4/16,9:17:32,2231.8,7
2014/4/16,9:17:33,2232.0,6
2014/4/16,9:17:33,2232.0,8
2014/4/16,9:17:34,2232.0,2
2014/4/16,9:17:34,2232.0,5
2014/4/16,9:17:35,2232.0,6
2014/4/16,9:17:36,2231.8,2
2014/4/16,9:17:36,2232.0,2
2014/4/16,9:17:37,2232.0,2
2014/4/16,9:17:37,2231.8,7
2014/4/16,9:17:38,2232.0,6
2014/4/16,9:17:38,2232.0,6
2014/4/16,9:17:39,2232.0,1
2014/4/16,9:17:39,2232.0,5
2014/4/16,9:17:40,2232.0,5
2014/4/16,9:17:40,2231.8,1
2014/4/16,9:17:41,2232.0,7
2014/4/16,9:17:41,2231.8,14
2014/4/16,9:17:42,2231.8,15
2014/4/16,9:17:42,2231.8,22
2014/4/16,9:17:43,2232.0,4
2014/4/16,9:17:43,2232.0,17
2014/4/16,9:17:44,2232.0,3
2014/4/16,9:17:44,2231.8,6
2014/4/16,9:17:45,2232.0,9
2014/4/16,9:17:45,2231.8,3
2014/4/16,9:17:46,2232.0,9
2014/4/16,9:17:46,2231.8,4
2014/4/16,9:17:47,2232.0,7
2014/4/16,9:17:47,2232.0,9
2014/4/16,9:17:48,2232.0,8
2014/4/16,9:17:48,2231.8,3
2014/4/16,9:17:49,2232.0,6
2014/4/16,9:17:49,2232.0,1
2014/4/16,9:17:50,2232.0,8
2014/4/16,9:17:50,2232.0,8
2014/4/16,9:17:51,2232.2,52
2014/4/16,9:17:51,2232.0,12
2014/4/16,9:17:52,2231.8,25
2014/4/16,9:17:52,2232.0,4
2014/4/16,9:17:53,2232.0,4
2014/4/16,9:17:53,2232.0,1
2014/4/16,9:17:54,2231.8,6
2014/4/16,9:17:54,2232.0,32
2014/4/16,9:17:55,2231.6,3
2014/4/16,9:17:56,2231.6,20
2014/4/16,9:17:56,2231.6,58
2014/4/16,9:17:57,2231.8,12
2014/4/16,9:17:57,2231.6,48
2014/4/16,9:17:58,2231.4,21
2014/4/16,9:17:58,2231.4,16
2014/4/16,9:17:59,2231.4,8
2014/4/16,9:17:59,2231.4,23
2014/4/16,9:18:00,2231.4,6
2014/4/16,9:18:00,2231.4,42
2014/4/16,9:18:01,2231.4,6
2014/4/16,9:18:01,2231.4,17
2014/4/16,9:18:02,2231.6,5
2014/4/16,9:18:02,2231.6,36
2014/4/16,9:18:03,2231.4,7
2014/4/16,9:18:03,2231.4,2
2014/4/16,9:18:04,2231.4,4
2014/4/16,9:18:04,2231.6,4
2014/4/16,9:18:05,2231.6,6
2014/4/16,9:18:05,2231.4,5
2014/4/16,9:18:06,2231.6,6
2014/4/16,9:18:06,2231.6,2
2014/4/16,9:18:07,2231.6,1
2014/4/16,9:18:07,2231.4,2
2014/4/16,9:18:08,2231.8,1
2014/4/16,9:18:08,2231.6,2
2014/4/16,9:18:09,2231.6,13
2014/4/16,9:18:09,2231.4,7
2014/4/16,9:18:10,2231.8,4
2014/4/16,9:18:10,2231.8,2
2014/4/16,9:18:11,2231.4,2
2014/4/16,9:18:11,2231.4,5
2014/4/16,9:18:12,2231.8,3
2014/4/16,9:18:12,2231.8,16
2014/4/16,9:18:13,2231.6,11
2014/4/16,9:18:13,2231.8,28
2014/4/16,9:18:14,2231.6,7
2014/4/16,9:18:14,2231.8,5
2014/4/16,9:18:15,2232.0,2
2014/4/16,9:18:15,2231.8,1
2014/4/16,9:18:16,2232.0,7
2014/4/16,9:18:16,2232.0,4
2014/4/16,9:18:17,2232.0,4
2014/4/16,9:18:17,2232.0,2
2014/4/16,9:18:18,2231.8,13
2014/4/16,9:18:18,2232.0,3
2014/4/16,9:18:19,2232.0,2
2014/4/16,9:18:19,2232.0,6
2014/4/16,9:18:20,2232.0,13
2014/4/16,9:18:20,2232.0,12
2014/4/16,9:18:21,2232.0,10
2014/4/16,9:18:22,2231.8,3
2014/4/16,9:18:22,2232.0,6
2014/4/16,9:18:23,2232.0,15
2014/4/16,9:18:23,2232.0,15
2014/4/16,9:18:24,2232.2,13
2014/4/16,9:18:24,2232.0,7
2014/4/16,9:18:25,2232.0,13
2014/4/16,9:18:25,2232.0,1
2014/4/16,9:18:26,2232.0,13
2014/4/16,9:18:27,2232.0,3
2014/4/16,9:18:27,2232.2,2
2014/4/16,9:18:28,2232.2,2
2014/4/16,9:18:28,2232.2,12
2014/4/16,9:18:29,2232.2,9
2014/4/16,9:18:29,2232.2,9
2014/4/16,9:18:30,2232.0,2
2014/4/16,9:18:30,2232.2,1
2014/4/16,9:18:31,2232.2,3
2014/4/16,9:18:31,2232.2,3
2014/4/16,9:18:32,2232.2,11
2014/4/16,9:18:32,2232.2,6
2014/4/16,9:18:33,2232.2,2
2014/4/16,9:18:33,2232.0,11
2014/4/16,9:18:34,2232.2,11
2014/4/16,9:18:34,2232.2,18
2014/4/16,9:18:35,2231.8,7
2014/4/16,9:18:35,2231.8,1
2014/4/16,9:18:36,2232.2,3
2014/4/16,9:18:36,2232.2,2
2014/4/16,9:18:37,2232.2,9
2014/4/16,9:18:38,2232.2,4
2014/4/16,9:18:38,2232.2,9
2014/4/16,9:18:39,2232.2,6
2014/4/16,9:18:39,2232.4,18
2014/4/16,9:18:40,2232.4,3
2014/4/16,9:18:40,2232.0,9
2014/4/16,9:18:41,2231.8,19
2014/4/16,9:18:41,2232.2,7
2014/4/16,9:18:42,2232.2,1
2014/4/16,9:18:42,2232.0,20
2014/4/16,9:18:43,2232.2,9
2014/4/16,9:18:43,2232.0,3
2014/4/16,9:18:44,2232.2,2
2014/4/16,9:18:44,2232.0,2
2014/4/16,9:18:45,2232.0,4
2014/4/16,9:18:45,2232.0,2
2014/4/16,9:18:46,2231.8,12
2014/4/16,9:18:46,2232.2,30
2014/4/16,9:18:47,2232.2,2
2014/4/16,9:18:47,2232.2,1
2014/4/16,9:18:48,2232.4,11
2014/4/16,9:18:48,2232.4,3
2014/4/16,9:18:49,2232.4,7
2014/4/16,9:18:49,2232.4,5
2014/4/16,9:18:50,2232.2,4
2014/4/16,9:18:50,2232.0,6
2014/4/16,9:18:51,2232.0,4
2014/4/16,9:18:51,2232.2,10
2014/4/16,9:18:52,2232.2,3
2014/4/16,9:18:52,2232.2,5
2014/4/16,9:18:53,2232.2,3
2014/4/16,9:18:53,2232.2,8
2014/4/16,9:18:54,2232.2,4
2014/4/16,9:18:54,2232.4,3
2014/4/16,9:18:55,2232.0,11
2014/4/16,9:18:55,2232.0,52
2014/4/16,9:18:56,2231.8,14
2014/4/16,9:18:56,2231.8,3
2014/4/16,9:18:57,2232.0,2
2014/4/16,9:18:57,2232.0,22
2014/4/16,9:18:58,2232.0,1
2014/4/16,9:18:58,2232.0,9
2014/4/16,9:18:59,2232.0,9
2014/4/16,9:18:59,2232.0,2
2014/4/16,9:19:00,2231.8,10
2014/4/16,9:19:00,2231.8,26
2014/4/16,9:19:01,2232.0,10
2014/4/16,9:19:01,2231.8,2
2014/4/16,9:19:02,2232.0,1
2014/4/16,9:19:02,2231.8,4
2014/4/16,9:19:03,2231.8,3
2014/4/16,9:19:04,2231.8,5
2014/4/16,9:19:04,2231.8,5
2014/4/16,9:19:05,2231.8,9
2014/4/16,9:19:05,2231.6,2
2014/4/16,9:19:06,2231.8,8
2014/4/16,9:19:06,2231.6,8
2014/4/16,9:19:07,2231.6,9
2014/4/16,9:19:07,2231.4,13
2014/4/16,9:19:08,2231.4,15
2014/4/16,9:19:08,2231.4,7
2014/4/16,9:19:09,2231.6,10
2014/4/16,9:19:09,2231.4,14
2014/4/16,9:19:10,2231.2,22
2014/4/16,9:19:10,2231.2,27
2014/4/16,9:19:11,2231.2,5
2014/4/16,9:19:11,2231.2,15
2014/4/16,9:19:12,2231.2,7
2014/4/16,9:19:12,2231.2,9
2014/4/16,9:19:13,2231.2,3
2014/4/16,9:19:13,2231.4,8
2014/4/16,9:19:14,2231.4,14
2014/4/16,9:19:14,2231.2,54
2014/4/16,9:19:15,2231.0,51
2014/4/16,9:19:15,2231.0,12
2014/4/16,9:19:16,2231.0,17
2014/4/16,9:19:16,2231.0,16
2014/4/16,9:19:17,2231.0,8
2014/4/16,9:19:17,2231.0,3
2014/4/16,9:19:18,2231.0,10
2014/4/16,9:19:18,2230.8,32
2014/4/16,9:19:19,2230.8,32
2014/4/16,9:19:19,2230.8,48
2014/4/16,9:19:20,2230.6,12
2014/4/16,9:19:20,2230.6,20
2014/4/16,9:19:21,2230.6,19
2014/4/16,9:19:21,2230.8,35
2014/4/16,9:19:22,2230.6,18
2014/4/16,9:19:22,2230.8,26
2014/4/16,9:19:23,2230.8,13
2014/4/16,9:19:23,2230.6,35
2014/4/16,9:19:24,2230.8,37
2014/4/16,9:19:24,2230.6,14
2014/4/16,9:19:25,2231.0,6
2014/4/16,9:19:25,2230.8,17
2014/4/16,9:19:26,2230.8,12
2014/4/16,9:19:26,2230.6,13
2014/4/16,9:19:27,2230.6,4
2014/4/16,9:19:27,2230.6,14
2014/4/16,9:19:28,2230.8,19
2014/4/16,9:19:28,2230.8,19
2014/4/16,9:19:29,2231.0,10
2014/4/16,9:19:29,2231.0,3
2014/4/16,9:19:30,2231.2,68
2014/4/16,9:19:30,2231.2,7
2014/4/16,9:19:31,2231.2,9
2014/4/16,9:19:31,2231.0,43
2014/4/16,9:19:32,2231.2,8
2014/4/16,9:19:32,2231.0,11
2014/4/16,9:19:33,2230.8,16
2014/4/16,9:19:33,2231.0,8
2014/4/16,9:19:34,2231.0,8
2014/4/16,9:19:34,2231.4,4
2014/4/16,9:19:35,2231.0,9
2014/4/16,9:19:35,2231.4,8
2014/4/16,9:19:36,2231.2,6
2014/4/16,9:19:36,2231.4,8
2014/4/16,9:19:37,2231.2,4
2014/4/16,9:19:37,2231.2,3
2014/4/16,9:19:38,2231.4,2
2014/4/16,9:19:38,2231.4,6
2014/4/16,9:19:39,2231.0,3
2014/4/16,9:19:39,2231.2,4
2014/4/16,9:19:40,2231.0,23
2014/4/16,9:19:40,2231.2,8
2014/4/16,9:19:41,2231.2,5
2014/4/16,9:19:41,2231.0,2
2014/4/16,9:19:42,2231.2,3
2014/4/16,9:19:42,2231.2,1
2014/4/16,9:19:43,2231.0,12
2014/4/16,9:19:43,2231.0,3
2014/4/16,9:19:44,2231.2,6
2014/4/16,9:19:44,2231.2,7
2014/4/16,9:19:45,2231.2,2
2014/4/16,9:19:45,2231.2,2
2014/4/16,9:19:46,2231.2,7
2014/4/16,9:19:46,2231.2,5
2014/4/16,9:19:47,2231.2,4
2014/4/16,9:19:47,2231.2,14
2014/4/16,9:19:48,2231.2,9
2014/4/16,9:19:48,2231.4,1
2014/4/16,9:19:49,2231.2,7
2014/4/16,9:19:50,2231.6,2
2014/4/16,9:19:50,2231.4,3
2014/4/16,9:19:51,2231.4,9
2014/4/16,9:19:51,2231.4,6
2014/4/16,9:19:52,2231.4,34
2014/4/16,9:19:52,2231.0,44
2014/4/16,9:19:53,2231.0,21
2014/4/16,9:19:54,2231.0,9
2014/4/16,9:19:54,2231.2,1
2014/4/16,9:19:55,2231.0,3
2014/4/16,9:19:55,2231.0,5
2014/4/16,9:19:56,2231.2,1
2014/4/16,9:19:56,2231.2,5
2014/4/16,9:19:57,2231.2,7
2014/4/16,9:19:57,2231.0,3
2014/4/16,9:19:58,2231.0,1
2014/4/16,9:19:58,2231.2,8
2014/4/16,9:19:59,2231.2,2
2014/4/16,9:19:59,2231.4,17
2014/4/16,9:20:00,2231.2,6
2014/4/16,9:20:00,2231.0,60
2014/4/16,9:20:01,2231.0,21
2014/4/16,9:20:01,2231.0,8
2014/4/16,9:20:02,2231.0,4
2014/4/16,9:20:02,2231.0,1
2014/4/16,9:20:03,2231.2,6
2014/4/16,9:20:03,2231.2,13
2014/4/16,9:20:04,2231.2,9
2014/4/16,9:20:04,2231.0,11
2014/4/16,9:20:05,2231.2,8
2014/4/16,9:20:05,2231.2,6
2014/4/16,9:20:06,2231.0,51
2014/4/16,9:20:06,2231.0,17
2014/4/16,9:20:07,2231.0,2
2014/4/16,9:20:07,2231.0,5
2014/4/16,9:20:08,2231.0,3
2014/4/16,9:20:08,2231.0,3
2014/4/16,9:20:09,2231.0,5
2014/4/16,9:20:09,2231.0,23
2014/4/16,9:20:10,2230.8,12
2014/4/16,9:20:10,2231.2,7
2014/4/16,9:20:11,2230.8,10
2014/4/16,9:20:11,2231.0,9
2014/4/16,9:20:12,2231.0,11
2014/4/16,9:20:12,2231.0,52
2014/4/16,9:20:13,2230.8,15
2014/4/16,9:20:13,2230.8,24
2014/4/16,9:20:14,2230.8,7
2014/4/16,9:20:14,2230.6,10
2014/4/16,9:20:15,2230.6,11
2014/4/16,9:20:15,2230.6,34
2014/4/16,9:20:16,2230.8,9
2014/4/16,9:20:16,2230.4,46
2014/4/16,9:20:17,2230.4,32
2014/4/16,9:20:17,2230.6,26
2014/4/16,9:20:18,2230.8,6
2014/4/16,9:20:18,2230.6,13
2014/4/16,9:20:19,2230.6,8
2014/4/16,9:20:19,2230.6,12
2014/4/16,9:20:20,2231.0,11
2014/4/16,9:20:20,2231.0,8
2014/4/16,9:20:21,2231.0,3
2014/4/16,9:20:21,2231.2,15
2014/4/16,9:20:22,2231.0,2
2014/4/16,9:20:22,2231.2,9
2014/4/16,9:20:23,2231.0,4
2014/4/16,9:20:23,2231.0,2
2014/4/16,9:20:24,2231.2,3
2014/4/16,9:20:24,2230.8,5
2014/4/16,9:20:25,2231.2,1
2014/4/16,9:20:26,2231.2,10
2014/4/16,9:20:26,2231.0,3
2014/4/16,9:20:27,2231.0,3
2014/4/16,9:20:27,2231.0,35
2014/4/16,9:20:28,2231.0,4
2014/4/16,9:20:28,2231.0,9
2014/4/16,9:20:29,2231.4,2
2014/4/16,9:20:29,2231.4,3
2014/4/16,9:20:30,2231.4,1
2014/4/16,9:20:30,2231.2,29
2014/4/16,9:20:31,2231.2,6
2014/4/16,9:20:32,2231.2,2
2014/4/16,9:20:32,2231.2,16
2014/4/16,9:20:33,2231.2,6
2014/4/16,9:20:33,2231.2,4
2014/4/16,9:20:34,2231.4,7
2014/4/16,9:20:34,2231.4,2
2014/4/16,9:20:35,2231.6,18
2014/4/16,9:20:35,2231.6,8
2014/4/16,9:20:36,2231.6,12
2014/4/16,9:20:36,2231.2,14
2014/4/16,9:20:37,2231.4,16
2014/4/16,9:20:37,2231.6,1
2014/4/16,9:20:38,2231.6,4
2014/4/16,9:20:38,2231.4,20
2014/4/16,9:20:39,2231.4,2
2014/4/16,9:20:39,2231.6,8
2014/4/16,9:20:40,2231.6,7
2014/4/16,9:20:40,2231.4,14
2014/4/16,9:20:41,2231.4,3
2014/4/16,9:20:41,2231.4,2
2014/4/16,9:20:42,2231.4,3
2014/4/16,9:20:42,2231.4,12
2014/4/16,9:20:43,2231.6,3
2014/4/16,9:20:43,2231.4,2
2014/4/16,9:20:44,2231.6,1
2014/4/16,9:20:44,2231.6,1
2014/4/16,9:20:45,2231.6,2
2014/4/16,9:20:45,2231.6,7
2014/4/16,9:20:46,2231.6,5
2014/4/16,9:20:46,2231.6,10
2014/4/16,9:20:47,2231.4,1
2014/4/16,9:20:47,2231.4,1
2014/4/16,9:20:48,2231.6,6
2014/4/16,9:20:48,2231.6,1
2014/4/16,9:20:49,2231.6,2
2014/4/16,9:20:49,2231.6,4
2014/4/16,9:20:50,2231.8,26
2014/4/16,9:20:50,2231.8,5
2014/4/16,9:20:51,2231.8,9
2014/4/16,9:20:51,2231.8,24
2014/4/16,9:20:52,2231.8,6
2014/4/16,9:20:52,2231.8,10
2014/4/16,9:20:53,2231.8,5
2014/4/16,9:20:53,2231.8,4
2014/4/16,9:20:54,2231.8,4
2014/4/16,9:20:54,2231.8,5
2014/4/16,9:20:55,2232.0,12
2014/4/16,9:20:55,2232.0,18
2014/4/16,9:20:56,2232.0,15
2014/4/16,9:20:56,2231.8,16
2014/4/16,9:20:57,2232.0,11
2014/4/16,9:20:57,2231.8,19
2014/4/16,9:20:58,2232.0,6
2014/4/16,9:20:58,2231.8,2
2014/4/16,9:20:59,2232.0,12
2014/4/16,9:20:59,2231.8,11
2014/4/16,9:21:00,2232.0,24
2014/4/16,9:21:00,2232.0,6
2014/4/16,9:21:01,2231.8,6
2014/4/16,9:21:01,2232.0,2
2014/4/16,9:21:02,2231.8,15
2014/4/16,9:21:02,2231.8,4
2014/4/16,9:21:03,2231.6,2
2014/4/16,9:21:04,2231.6,2
2014/4/16,9:21:04,2231.8,7
2014/4/16,9:21:05,2231.8,9
2014/4/16,9:21:05,2232.0,3
2014/4/16,9:21:06,2232.0,10
2014/4/16,9:21:06,2232.0,8
2014/4/16,9:21:07,2232.0,6
2014/4/16,9:21:07,2231.8,7
2014/4/16,9:21:08,2232.0,11
2014/4/16,9:21:08,2232.0,2
2014/4/16,9:21:09,2231.8,2
2014/4/16,9:21:09,2231.8,3
2014/4/16,9:21:10,2232.0,5
2014/4/16,9:21:10,2231.8,8
2014/4/16,9:21:11,2231.8,3
2014/4/16,9:21:11,2232.0,1
2014/4/16,9:21:12,2232.0,10
2014/4/16,9:21:12,2232.0,2
2014/4/16,9:21:13,2232.0,11
2014/4/16,9:21:13,2232.0,4
2014/4/16,9:21:14,2232.0,10
2014/4/16,9:21:14,2232.0,2
2014/4/16,9:21:15,2232.2,9
2014/4/16,9:21:16,2232.2,6
2014/4/16,9:21:16,2232.0,2
2014/4/16,9:21:17,2232.2,27
2014/4/16,9:21:17,2232.4,12
2014/4/16,9:21:18,2232.2,4
2014/4/16,9:21:18,2232.2,14
2014/4/16,9:21:19,2232.0,5
2014/4/16,9:21:19,2232.0,6
2014/4/16,9:21:20,2232.0,11
2014/4/16,9:21:20,2232.2,9
2014/4/16,9:21:21,2232.0,8
2014/4/16,9:21:21,2232.2,18
2014/4/16,9:21:22,2232.2,7
2014/4/16,9:21:22,2232.2,3
2014/4/16,9:21:23,2232.2,7
2014/4/16,9:21:23,2232.2,1
2014/4/16,9:21:24,2232.2,12
2014/4/16,9:21:24,2232.2,16
2014/4/16,9:21:25,2232.2,5
2014/4/16,9:21:25,2232.2,13
2014/4/16,9:21:26,2232.2,11
2014/4/16,9:21:26,2232.0,11
2014/4/16,9:21:27,2232.0,6
2014/4/16,9:21:28,2232.0,4
2014/4/16,9:21:28,2232.0,3
2014/4/16,9:21:29,2232.0,1
2014/4/16,9:21:29,2232.0,1
2014/4/16,9:21:30,2232.0,1
2014/4/16,9:21:30,2232.0,1
2014/4/16,9:21:31,2231.8,1
2014/4/16,9:21:32,2231.8,2
2014/4/16,9:21:32,2231.8,7
2014/4/16,9:21:33,2231.8,2
2014/4/16,9:21:33,2232.0,1
2014/4/16,9:21:34,2231.8,2
2014/4/16,9:21:34,2231.8,9
2014/4/16,9:21:35,2231.8,1
2014/4/16,9:21:35,2231.8,1
2014/4/16,9:21:36,2231.8,2
2014/4/16,9:21:37,2231.8,1
2014/4/16,9:21:38,2231.8,5
2014/4/16,9:21:38,2231.8,3
2014/4/16,9:21:39,2232.0,1
2014/4/16,9:21:39,2231.8,3
2014/4/16,9:21:41,2231.8,2
2014/4/16,9:21:41,2231.8,3
2014/4/16,9:21:42,2231.8,1
2014/4/16,9:21:42,2232.0,2
2014/4/16,9:21:43,2232.0,1
2014/4/16,9:21:43,2231.8,35
2014/4/16,9:21:44,2231.8,5
2014/4/16,9:21:44,2232.0,2
2014/4/16,9:21:45,2231.6,5
2014/4/16,9:21:45,2231.8,1
2014/4/16,9:21:46,2231.6,19
2014/4/16,9:21:46,2232.0,6
2014/4/16,9:21:47,2231.8,1
2014/4/16,9:21:47,2231.6,1
2014/4/16,9:21:48,2231.4,10
2014/4/16,9:21:48,2231.4,5
2014/4/16,9:21:49,2231.4,4
2014/4/16,9:21:49,2231.4,1
2014/4/16,9:21:50,2231.4,1
2014/4/16,9:21:50,2231.4,10
2014/4/16,9:21:51,2231.4,6
2014/4/16,9:21:51,2231.6,1
2014/4/16,9:21:52,2231.6,4
2014/4/16,9:21:52,2231.4,32
2014/4/16,9:21:53,2231.2,4
2014/4/16,9:21:53,2231.6,19
2014/4/16,9:21:54,2231.6,4
2014/4/16,9:21:54,2231.4,7
2014/4/16,9:21:55,2231.2,27
2014/4/16,9:21:55,2231.2,9
2014/4/16,9:21:56,2231.0,7
2014/4/16,9:21:56,2231.0,2
2014/4/16,9:21:57,2231.2,6
2014/4/16,9:21:57,2231.2,14
2014/4/16,9:21:58,2231.2,12
2014/4/16,9:21:58,2231.0,5
2014/4/16,9:21:59,2231.2,1
2014/4/16,9:21:59,2231.0,10
2014/4/16,9:22:00,2231.2,9
2014/4/16,9:22:00,2231.0,16
2014/4/16,9:22:01,2231.0,1
2014/4/16,9:22:01,2231.0,7
2014/4/16,9:22:02,2231.2,14
2014/4/16,9:22:02,2231.0,7
2014/4/16,9:22:03,2231.2,3
2014/4/16,9:22:03,2231.2,5
2014/4/16,9:22:04,2231.0,4
2014/4/16,9:22:04,2231.0,2
2014/4/16,9:22:05,2231.2,2
2014/4/16,9:22:05,2231.0,6
2014/4/16,9:22:06,2231.2,10
2014/4/16,9:22:06,2231.0,7
2014/4/16,9:22:07,2231.2,1
2014/4/16,9:22:07,2231.2,2
2014/4/16,9:22:08,2231.0,2
2014/4/16,9:22:08,2231.0,2
2014/4/16,9:22:09,2231.0,1
2014/4/16,9:22:09,2231.4,6
2014/4/16,9:22:10,2231.4,9
2014/4/16,9:22:10,2231.2,2
2014/4/16,9:22:11,2231.4,6
2014/4/16,9:22:11,2231.2,1
2014/4/16,9:22:12,2231.4,6
2014/4/16,9:22:12,2231.2,4
2014/4/16,9:22:13,2231.4,2
2014/4/16,9:22:13,2231.2,2
2014/4/16,9:22:14,2231.2,1
2014/4/16,9:22:14,2231.0,10
2014/4/16,9:22:15,2231.0,14
2014/4/16,9:22:15,2231.0,16
2014/4/16,9:22:16,2231.0,13
2014/4/16,9:22:16,2231.0,14
2014/4/16,9:22:17,2231.2,21
2014/4/16,9:22:17,2231.0,7
2014/4/16,9:22:18,2231.4,3
2014/4/16,9:22:19,2231.2,3
2014/4/16,9:22:20,2231.2,2
2014/4/16,9:22:20,2231.4,4
2014/4/16,9:22:21,2231.4,2
2014/4/16,9:22:21,2231.4,1
2014/4/16,9:22:22,2231.2,3
2014/4/16,9:22:22,2231.2,2
2014/4/16,9:22:23,2231.4,2
2014/4/16,9:22:23,2231.2,3
2014/4/16,9:22:24,2231.2,4
2014/4/16,9:22:25,2231.2,1
2014/4/16,9:22:26,2231.4,2
2014/4/16,9:22:26,2231.4,11
2014/4/16,9:22:27,2231.2,5
2014/4/16,9:22:27,2231.4,3
2014/4/16,9:22:28,2231.4,3
2014/4/16,9:22:28,2231.2,2
2014/4/16,9:22:29,2231.2,9
2014/4/16,9:22:29,2231.2,2
2014/4/16,9:22:30,2231.2,1
2014/4/16,9:22:30,2231.2,10
2014/4/16,9:22:31,2231.2,7
2014/4/16,9:22:31,2231.4,1
2014/4/16,9:22:32,2231.4,2
2014/4/16,9:22:33,2231.4,1
2014/4/16,9:22:33,2231.2,3
2014/4/16,9:22:34,2231.2,5
2014/4/16,9:22:34,2231.2,3
2014/4/16,9:22:35,2231.2,2
2014/4/16,9:22:35,2231.2,7
2014/4/16,9:22:36,2231.2,4
2014/4/16,9:22:36,2231.4,1
2014/4/16,9:22:38,2231.4,3
2014/4/16,9:22:39,2231.4,9
2014/4/16,9:22:39,2231.4,3
2014/4/16,9:22:40,2231.2,1
2014/4/16,9:22:41,2231.2,1
2014/4/16,9:22:43,2231.4,6
2014/4/16,9:22:43,2231.2,4
2014/4/16,9:22:44,2231.2,2
2014/4/16,9:22:44,2231.2,1
2014/4/16,9:22:45,2231.2,2
2014/4/16,9:22:45,2231.4,2
2014/4/16,9:22:46,2231.4,4
2014/4/16,9:22:46,2231.2,2
2014/4/16,9:22:47,2231.4,2
2014/4/16,9:22:48,2231.2,2
2014/4/16,9:22:48,2231.4,2
2014/4/16,9:22:49,2231.4,2
2014/4/16,9:22:50,2231.2,16
2014/4/16,9:22:50,2231.4,11
2014/4/16,9:22:51,2231.4,1
2014/4/16,9:22:52,2231.4,2
2014/4/16,9:22:53,2231.4,1
2014/4/16,9:22:53,2231.4,3
2014/4/16,9:22:54,2231.6,1
2014/4/16,9:22:55,2231.4,4
2014/4/16,9:22:55,2231.6,2
2014/4/16,9:22:56,2231.4,2
2014/4/16,9:22:57,2231.6,2
2014/4/16,9:22:57,2231.6,2
2014/4/16,9:22:58,2231.4,1
2014/4/16,9:22:58,2231.6,25
2014/4/16,9:22:59,2231.6,8
2014/4/16,9:23:00,2231.6,13
2014/4/16,9:23:00,2231.6,8
2014/4/16,9:23:01,2231.8,5
2014/4/16,9:23:01,2231.8,1
2014/4/16,9:23:02,2231.6,8
2014/4/16,9:23:02,2231.8,2
2014/4/16,9:23:03,2231.8,1
2014/4/16,9:23:03,2231.4,2
2014/4/16,9:23:04,2231.8,3
2014/4/16,9:23:04,2231.4,17
2014/4/16,9:23:05,2231.2,23
2014/4/16,9:23:05,2231.2,11
2014/4/16,9:23:06,2231.0,4
2014/4/16,9:23:06,2231.2,21
2014/4/16,9:23:07,2231.0,4
2014/4/16,9:23:07,2231.2,3
2014/4/16,9:23:08,2231.0,3
2014/4/16,9:23:08,2231.0,92
2014/4/16,9:23:09,2231.0,2
2014/4/16,9:23:09,2230.8,8
2014/4/16,9:23:10,2230.8,11
2014/4/16,9:23:10,2230.8,44
2014/4/16,9:23:11,2230.8,10
2014/4/16,9:23:11,2230.8,47
2014/4/16,9:23:12,2230.8,11
2014/4/16,9:23:12,2230.8,11
2014/4/16,9:23:13,2230.6,36
2014/4/16,9:23:13,2230.6,29
2014/4/16,9:23:14,2230.4,10
2014/4/16,9:23:14,2230.6,32
2014/4/16,9:23:15,2230.6,18
2014/4/16,9:23:15,2230.6,11
2014/4/16,9:23:16,2230.6,11
2014/4/16,9:23:16,2230.6,7
2014/4/16,9:23:17,2231.2,5
2014/4/16,9:23:17,2230.8,5
2014/4/16,9:23:18,2230.8,6
2014/4/16,9:23:18,2230.8,2
2014/4/16,9:23:19,2231.0,4
2014/4/16,9:23:19,2230.8,8
2014/4/16,9:23:20,2231.0,14
2014/4/16,9:23:20,2231.0,1
2014/4/16,9:23:21,2230.8,9
2014/4/16,9:23:21,2231.0,8
2014/4/16,9:23:22,2231.2,4
2014/4/16,9:23:22,2230.8,3
2014/4/16,9:23:23,2231.0,18
2014/4/16,9:23:23,2230.8,5
2014/4/16,9:23:24,2231.0,3
2014/4/16,9:23:24,2231.0,16
2014/4/16,9:23:25,2231.0,4
2014/4/16,9:23:25,2230.6,7
2014/4/16,9:23:26,2230.8,7
2014/4/16,9:23:26,2230.8,6
2014/4/16,9:23:27,2230.8,48
2014/4/16,9:23:27,2230.6,1
2014/4/16,9:23:28,2230.8,10
2014/4/16,9:23:28,2230.8,7
2014/4/16,9:23:29,2230.8,4
2014/4/16,9:23:29,2230.6,3
2014/4/16,9:23:30,2230.6,2
2014/4/16,9:23:30,2230.8,21
2014/4/16,9:23:31,2230.8,2
2014/4/16,9:23:31,2230.6,4
2014/4/16,9:23:32,2230.8,11
2014/4/16,9:23:32,2230.8,15
2014/4/16,9:23:33,2230.8,4
2014/4/16,9:23:34,2230.8,5
2014/4/16,9:23:34,2230.8,3
2014/4/16,9:23:35,2230.8,2
2014/4/16,9:23:35,2230.6,7
2014/4/16,9:23:36,2230.8,10
2014/4/16,9:23:36,2230.6,10
2014/4/16,9:23:37,2230.8,6
2014/4/16,9:23:37,2230.8,6
2014/4/16,9:23:38,2230.8,2
2014/4/16,9:23:38,2230.6,11
2014/4/16,9:23:39,2230.6,2
2014/4/16,9:23:39,2230.6,13
2014/4/16,9:23:40,2230.8,3
2014/4/16,9:23:40,2230.8,7
2014/4/16,9:23:41,2230.6,7
2014/4/16,9:23:41,2230.6,1
2014/4/16,9:23:42,2230.8,3
2014/4/16,9:23:42,2230.6,35
2014/4/16,9:23:43,2230.4,13
2014/4/16,9:23:43,2230.6,5
2014/4/16,9:23:44,2230.6,41
2014/4/16,9:23:44,2230.4,12
2014/4/16,9:23:45,2230.4,6
2014/4/16,9:23:45,2230.6,21
2014/4/16,9:23:46,2230.4,38
2014/4/16,9:23:46,2230.4,10
2014/4/16,9:23:47,2230.4,8
2014/4/16,9:23:47,2230.4,21
2014/4/16,9:23:48,2230.6,28
2014/4/16,9:23:48,2230.2,97
2014/4/16,9:23:49,2230.0,84
2014/4/16,9:23:49,2230.0,142
2014/4/16,9:23:50,2229.6,371
2014/4/16,9:23:50,2229.6,126
2014/4/16,9:23:51,2229.4,99
2014/4/16,9:23:51,2229.4,41
2014/4/16,9:23:52,2229.6,99
2014/4/16,9:23:52,2229.8,51
2014/4/16,9:23:53,2229.8,21
2014/4/16,9:23:53,2230.2,87
2014/4/16,9:23:54,2229.8,60
2014/4/16,9:23:54,2229.8,10
2014/4/16,9:23:55,2229.8,14
2014/4/16,9:23:55,2230.0,9
2014/4/16,9:23:56,2230.0,11
2014/4/16,9:23:56,2230.2,32
2014/4/16,9:23:57,2229.8,17
2014/4/16,9:23:57,2230.2,13
2014/4/16,9:23:58,2230.2,54
2014/4/16,9:23:58,2230.2,15
2014/4/16,9:23:59,2230.0,12
2014/4/16,9:23:59,2230.0,7
2014/4/16,9:24:00,2230.2,7
2014/4/16,9:24:00,2229.8,44
2014/4/16,9:24:01,2230.0,16
2014/4/16,9:24:01,2230.0,7
2014/4/16,9:24:02,2230.0,20
2014/4/16,9:24:02,2230.0,41
2014/4/16,9:24:03,2230.2,16
2014/4/16,9:24:03,2230.2,23
2014/4/16,9:24:04,2230.2,79
2014/4/16,9:24:04,2230.4,40
2014/4/16,9:24:05,2230.6,22
2014/4/16,9:24:05,2230.6,19
2014/4/16,9:24:06,2230.6,15
2014/4/16,9:24:06,2230.4,11
2014/4/16,9:24:07,2230.6,5
2014/4/16,9:24:07,2230.4,4
2014/4/16,9:24:08,2230.2,14
2014/4/16,9:24:08,2230.2,40
2014/4/16,9:24:09,2230.2,6
2014/4/16,9:24:09,2230.0,3
2014/4/16,9:24:10,2230.0,1
2014/4/16,9:24:10,2230.0,8
2014/4/16,9:24:11,2230.0,9
2014/4/16,9:24:11,2230.0,14
2014/4/16,9:24:12,2230.0,7
2014/4/16,9:24:12,2230.2,18
2014/4/16,9:24:13,2230.2,4
2014/4/16,9:24:13,2230.2,1
2014/4/16,9:24:14,2230.0,4
2014/4/16,9:24:14,2230.0,6
2014/4/16,9:24:15,2230.0,6
2014/4/16,9:24:15,2230.2,6
2014/4/16,9:24:16,2230.0,15
2014/4/16,9:24:16,2230.0,5
2014/4/16,9:24:17,2230.0,4
2014/4/16,9:24:17,2230.0,3
2014/4/16,9:24:18,2230.4,7
2014/4/16,9:24:18,2230.2,3
2014/4/16,9:24:19,2230.4,17
2014/4/16,9:24:19,2230.4,1
2014/4/16,9:24:20,2230.2,1
2014/4/16,9:24:20,2230.4,9
2014/4/16,9:24:21,2230.4,3
2014/4/16,9:24:22,2230.4,3
2014/4/16,9:24:22,2230.2,17
2014/4/16,9:24:23,2230.2,5
2014/4/16,9:24:23,2230.2,7
2014/4/16,9:24:24,2230.0,11
2014/4/16,9:24:24,2230.2,4
2014/4/16,9:24:25,2230.0,87
2014/4/16,9:24:25,2230.0,11
2014/4/16,9:24:26,2230.0,6
2014/4/16,9:24:26,2229.8,8
2014/4/16,9:24:27,2230.0,5
2014/4/16,9:24:27,2230.0,9
2014/4/16,9:24:28,2230.0,6
2014/4/16,9:24:28,2230.0,7
2014/4/16,9:24:29,2229.8,9
2014/4/16,9:24:30,2229.8,2
2014/4/16,9:24:30,2229.8,10
2014/4/16,9:24:31,2229.8,20
2014/4/16,9:24:31,2229.8,20
2014/4/16,9:24:32,2229.6,100
2014/4/16,9:24:32,2229.4,40
2014/4/16,9:24:33,2229.2,40
2014/4/16,9:24:33,2229.2,21
2014/4/16,9:24:34,2229.2,40
2014/4/16,9:24:34,2229.2,12
2014/4/16,9:24:35,2229.4,25
2014/4/16,9:24:35,2229.6,18
2014/4/16,9:24:36,2229.6,11
2014/4/16,9:24:36,2229.8,15
2014/4/16,9:24:37,2229.8,8
2014/4/16,9:24:37,2230.0,16
2014/4/16,9:24:38,2230.2,4
2014/4/16,9:24:38,2230.0,3
2014/4/16,9:24:39,2230.0,6
2014/4/16,9:24:39,2230.0,5
2014/4/16,9:24:40,2230.0,9
2014/4/16,9:24:40,2230.0,9
2014/4/16,9:24:41,2230.0,4
2014/4/16,9:24:41,2230.0,12
2014/4/16,9:24:42,2230.0,1
2014/4/16,9:24:42,2230.0,15
2014/4/16,9:24:43,2229.8,18
2014/4/16,9:24:43,2230.0,5
2014/4/16,9:24:44,2230.0,4
2014/4/16,9:24:44,2229.8,9
2014/4/16,9:24:45,2229.6,1
2014/4/16,9:24:45,2229.8,4
2014/4/16,9:24:46,2229.6,12
2014/4/16,9:24:46,2229.8,3
2014/4/16,9:24:47,2229.8,2
2014/4/16,9:24:47,2229.6,11
2014/4/16,9:24:48,2229.8,6
2014/4/16,9:24:48,2229.6,28
2014/4/16,9:24:49,2229.6,7
2014/4/16,9:24:49,2229.6,4
2014/4/16,9:24:50,2229.6,9
2014/4/16,9:24:50,2229.4,6
2014/4/16,9:24:51,2229.4,1
2014/4/16,9:24:51,2229.4,6
2014/4/16,9:24:52,2229.6,8
2014/4/16,9:24:52,2229.6,14
2014/4/16,9:24:53,2229.6,2
2014/4/16,9:24:53,2229.6,2
2014/4/16,9:24:54,2229.6,2
2014/4/16,9:24:54,2229.6,8
2014/4/16,9:24:55,2229.8,5
2014/4/16,9:24:55,2229.8,12
2014/4/16,9:24:56,2229.8,4
2014/4/16,9:24:56,2229.6,1
2014/4/16,9:24:57,2229.6,8
2014/4/16,9:24:57,2229.4,7
2014/4/16,9:24:58,2229.6,6
2014/4/16,9:24:58,2229.6,6
2014/4/16,9:24:59,2229.8,9
2014/4/16,9:24:59,2229.6,10
2014/4/16,9:25:00,2229.6,3
2014/4/16,9:25:00,2229.4,51
2014/4/16,9:25:01,2229.4,11
2014/4/16,9:25:01,2229.6,15
2014/4/16,9:25:02,2229.8,8
2014/4/16,9:25:02,2229.6,22
2014/4/16,9:25:03,2229.6,8
2014/4/16,9:25:03,2229.6,4
2014/4/16,9:25:04,2230.0,3
2014/4/16,9:25:04,2230.0,11
2014/4/16,9:25:05,2229.8,10
2014/4/16,9:25:05,2229.8,12
2014/4/16,9:25:06,2229.6,3
2014/4/16,9:25:06,2229.6,3
2014/4/16,9:25:07,2229.6,7
2014/4/16,9:25:07,2229.6,7
2014/4/16,9:25:08,2229.6,4
2014/4/16,9:25:08,2229.6,6
2014/4/16,9:25:09,2229.6,21
2014/4/16,9:25:09,2229.6,23
2014/4/16,9:25:10,2229.6,8
2014/4/16,9:25:10,2229.6,8
2014/4/16,9:25:11,2229.6,5
2014/4/16,9:25:12,2229.8,4
2014/4/16,9:25:12,2229.8,2
2014/4/16,9:25:13,2229.8,3
2014/4/16,9:25:13,2229.8,4
2014/4/16,9:25:14,2229.8,10
2014/4/16,9:25:14,2229.8,3
2014/4/16,9:25:15,2229.8,1
2014/4/16,9:25:15,2229.8,2
2014/4/16,9:25:16,2229.6,27
2014/4/16,9:25:16,2229.8,24
2014/4/16,9:25:17,2229.6,3
2014/4/16,9:25:17,2229.8,3
2014/4/16,9:25:18,2229.4,24
2014/4/16,9:25:18,2229.6,1
2014/4/16,9:25:19,2229.8,5
2014/4/16,9:25:19,2229.4,1
2014/4/16,9:25:20,2229.4,3
2014/4/16,9:25:20,2229.6,2
2014/4/16,9:25:21,2229.6,8
2014/4/16,9:25:21,2229.6,3
2014/4/16,9:25:22,2229.8,1
2014/4/16,9:25:23,2229.8,12
2014/4/16,9:25:23,2229.8,7
2014/4/16,9:25:24,2230.0,6
2014/4/16,9:25:24,2229.8,2
2014/4/16,9:25:25,2230.0,6
2014/4/16,9:25:26,2230.0,3
2014/4/16,9:25:26,2229.8,10
2014/4/16,9:25:27,2230.0,9
2014/4/16,9:25:27,2230.0,2
2014/4/16,9:25:28,2230.0,4
2014/4/16,9:25:28,2229.8,14
2014/4/16,9:25:29,2229.8,2
2014/4/16,9:25:29,2230.0,73
2014/4/16,9:25:30,2230.0,19
2014/4/16,9:25:30,2230.2,15
2014/4/16,9:25:31,2230.2,14
2014/4/16,9:25:31,2230.2,9
2014/4/16,9:25:32,2230.2,11
2014/4/16,9:25:32,2230.2,17
2014/4/16,9:25:33,2230.4,3
2014/4/16,9:25:33,2230.4,18
2014/4/16,9:25:34,2230.6,21
2014/4/16,9:25:34,2230.4,11
2014/4/16,9:25:35,2230.4,4
2014/4/16,9:25:35,2230.4,8
2014/4/16,9:25:36,2230.4,5
2014/4/16,9:25:36,2230.4,6
2014/4/16,9:25:37,2230.4,15
2014/4/16,9:25:37,2230.4,3
2014/4/16,9:25:38,2230.2,7
2014/4/16,9:25:38,2230.4,4
2014/4/16,9:25:39,2230.4,3
2014/4/16,9:25:39,2230.2,4
2014/4/16,9:25:40,2230.4,4
2014/4/16,9:25:40,2230.2,8
2014/4/16,9:25:41,2230.2,2
2014/4/16,9:25:41,2230.2,7
2014/4/16,9:25:42,2230.4,33
2014/4/16,9:25:42,2230.2,4
2014/4/16,9:25:43,2230.4,5
2014/4/16,9:25:43,2230.2,4
2014/4/16,9:25:44,2230.2,14
2014/4/16,9:25:44,2230.4,2
2014/4/16,9:25:45,2230.4,10
2014/4/16,9:25:45,2230.4,7
2014/4/16,9:25:46,2230.4,1
2014/4/16,9:25:46,2230.4,2
2014/4/16,9:25:47,2230.4,2
2014/4/16,9:25:47,2230.4,10
2014/4/16,9:25:48,2230.2,8
2014/4/16,9:25:48,2230.4,3
2014/4/16,9:25:49,2230.4,4
2014/4/16,9:25:49,2230.4,2
2014/4/16,9:25:50,2230.4,6
2014/4/16,9:25:51,2230.4,11
2014/4/16,9:25:52,2230.4,3
2014/4/16,9:25:52,2230.4,14
2014/4/16,9:25:53,2230.4,1
2014/4/16,9:25:53,2230.4,3
2014/4/16,9:25:54,2230.4,2
2014/4/16,9:25:54,2230.4,6
2014/4/16,9:25:55,2230.4,11
2014/4/16,9:25:55,2230.4,5
2014/4/16,9:25:56,2230.2,6
2014/4/16,9:25:56,2230.2,4
2014/4/16,9:25:57,2230.4,2
2014/4/16,9:25:58,2230.4,3
2014/4/16,9:25:58,2230.4,5
2014/4/16,9:25:59,2230.4,1
2014/4/16,9:25:59,2230.4,1
2014/4/16,9:26:00,2230.4,1
2014/4/16,9:26:00,2230.2,2
2014/4/16,9:26:01,2230.4,19
2014/4/16,9:26:01,2230.4,2
2014/4/16,9:26:02,2230.2,13
2014/4/16,9:26:02,2230.2,18
2014/4/16,9:26:03,2230.4,34
2014/4/16,9:26:03,2230.2,3
2014/4/16,9:26:04,2230.2,4
2014/4/16,9:26:04,2230.2,4
2014/4/16,9:26:05,2230.2,3
2014/4/16,9:26:05,2230.2,4
2014/4/16,9:26:06,2230.2,12
2014/4/16,9:26:07,2230.2,5
2014/4/16,9:26:07,2230.2,2
2014/4/16,9:26:08,2230.4,1
2014/4/16,9:26:08,2230.2,1
2014/4/16,9:26:09,2230.2,2
2014/4/16,9:26:10,2230.2,1
2014/4/16,9:26:10,2230.2,3
2014/4/16,9:26:11,2230.0,1
2014/4/16,9:26:11,2230.0,1
2014/4/16,9:26:12,2230.0,10
2014/4/16,9:26:12,2230.2,1
2014/4/16,9:26:13,2230.0,4
2014/4/16,9:26:13,2230.2,7
2014/4/16,9:26:14,2230.2,5
2014/4/16,9:26:14,2230.0,11
2014/4/16,9:26:15,2230.0,2
2014/4/16,9:26:15,2230.0,3
2014/4/16,9:26:16,2230.0,13
2014/4/16,9:26:16,2230.0,8
2014/4/16,9:26:17,2230.2,14
2014/4/16,9:26:17,2230.2,3
2014/4/16,9:26:18,2230.0,8
2014/4/16,9:26:19,2230.0,23
2014/4/16,9:26:20,2229.8,2
2014/4/16,9:26:20,2230.0,1
2014/4/16,9:26:21,2229.8,1
2014/4/16,9:26:21,2229.8,3
2014/4/16,9:26:22,2230.0,9
2014/4/16,9:26:22,2229.8,1
2014/4/16,9:26:23,2229.8,2
2014/4/16,9:26:23,2229.8,7
2014/4/16,9:26:24,2230.0,9
2014/4/16,9:26:25,2230.0,7
2014/4/16,9:26:25,2229.8,2
2014/4/16,9:26:26,2230.0,3
2014/4/16,9:26:27,2229.8,2
2014/4/16,9:26:28,2230.0,4
2014/4/16,9:26:28,2229.8,15
2014/4/16,9:26:29,2229.8,2
2014/4/16,9:26:29,2229.8,13
2014/4/16,9:26:30,2230.2,12
2014/4/16,9:26:30,2230.0,2
2014/4/16,9:26:31,2230.2,4
2014/4/16,9:26:31,2230.0,11
2014/4/16,9:26:32,2230.2,4
2014/4/16,9:26:32,2230.2,1
2014/4/16,9:26:33,2230.2,30
2014/4/16,9:26:34,2230.0,3
2014/4/16,9:26:34,2230.2,4
2014/4/16,9:26:35,2230.2,1
2014/4/16,9:26:36,2230.2,5
2014/4/16,9:26:37,2230.2,2
2014/4/16,9:26:37,2230.4,5
2014/4/16,9:26:38,2230.4,2
2014/4/16,9:26:38,2230.4,2
2014/4/16,9:26:39,2230.4,9
2014/4/16,9:26:39,2230.2,3
2014/4/16,9:26:40,2230.4,8
2014/4/16,9:26:40,2230.4,7
2014/4/16,9:26:41,2230.4,32
2014/4/16,9:26:42,2230.4,1
2014/4/16,9:26:42,2230.2,3
2014/4/16,9:26:43,2230.2,13
2014/4/16,9:26:43,2230.4,9
2014/4/16,9:26:44,2230.6,3
2014/4/16,9:26:44,2230.6,6
2014/4/16,9:26:45,2230.6,2
2014/4/16,9:26:45,2230.6,4
2014/4/16,9:26:46,2230.6,9
2014/4/16,9:26:46,2230.4,18
2014/4/16,9:26:47,2230.4,6
2014/4/16,9:26:47,2230.4,4
2014/4/16,9:26:48,2230.4,2
2014/4/16,9:26:48,2230.4,9
2014/4/16,9:26:49,2230.4,2
2014/4/16,9:26:50,2230.6,2
2014/4/16,9:26:50,2230.6,4
2014/4/16,9:26:51,2230.6,5
2014/4/16,9:26:52,2230.6,3
2014/4/16,9:26:52,2230.4,10
2014/4/16,9:26:53,2230.6,4
2014/4/16,9:26:54,2230.6,3
2014/4/16,9:26:54,2230.6,9
2014/4/16,9:26:55,2230.6,6
2014/4/16,9:26:55,2230.6,1
2014/4/16,9:26:56,2230.6,2
2014/4/16,9:26:56,2230.6,26
2014/4/16,9:26:57,2230.6,5
2014/4/16,9:26:57,2230.6,8
2014/4/16,9:26:58,2230.4,3
2014/4/16,9:26:58,2230.4,1
2014/4/16,9:26:59,2230.4,4
2014/4/16,9:26:59,2230.4,4
2014/4/16,9:27:00,2230.6,3
2014/4/16,9:27:00,2230.4,7
2014/4/16,9:27:01,2230.4,13
2014/4/16,9:27:01,2230.4,5
2014/4/16,9:27:02,2230.2,20
2014/4/16,9:27:02,2230.4,16
2014/4/16,9:27:03,2230.2,2
2014/4/16,9:27:03,2230.0,3
2014/4/16,9:27:04,2230.0,10
2014/4/16,9:27:04,2230.0,12
2014/4/16,9:27:05,2230.0,12
2014/4/16,9:27:05,2230.0,4
2014/4/16,9:27:06,2230.2,14
2014/4/16,9:27:07,2230.0,3
2014/4/16,9:27:07,2230.0,4
2014/4/16,9:27:08,2230.2,2
2014/4/16,9:27:08,2230.0,15
2014/4/16,9:27:09,2230.2,5
2014/4/16,9:27:09,2230.0,3
2014/4/16,9:27:10,2230.0,3
2014/4/16,9:27:10,2230.0,10
2014/4/16,9:27:11,2230.0,3
2014/4/16,9:27:12,2229.8,2
2014/4/16,9:27:13,2230.0,3
2014/4/16,9:27:13,2229.8,20
2014/4/16,9:27:14,2229.8,88
2014/4/16,9:27:14,2229.6,7
2014/4/16,9:27:15,2229.6,20
2014/4/16,9:27:15,2229.8,6
2014/4/16,9:27:16,2229.6,2
2014/4/16,9:27:16,2229.6,18
2014/4/16,9:27:17,2229.6,7
2014/4/16,9:27:17,2229.6,5
2014/4/16,9:27:18,2229.8,3
2014/4/16,9:27:18,2229.8,6
2014/4/16,9:27:19,2229.6,5
2014/4/16,9:27:19,2229.8,5
2014/4/16,9:27:20,2229.4,10
2014/4/16,9:27:20,2229.6,4
2014/4/16,9:27:21,2229.6,4
2014/4/16,9:27:21,2229.6,19
2014/4/16,9:27:22,2229.6,7
2014/4/16,9:27:23,2229.6,7
2014/4/16,9:27:23,2229.6,29
2014/4/16,9:27:24,2229.8,30
2014/4/16,9:27:24,2229.6,16
2014/4/16,9:27:25,2229.6,6
2014/4/16,9:27:25,2229.6,8
2014/4/16,9:27:26,2229.8,4
2014/4/16,9:27:26,2229.6,7
2014/4/16,9:27:27,2229.6,5
2014/4/16,9:27:27,2229.6,17
2014/4/16,9:27:28,2230.0,26
2014/4/16,9:27:28,2229.6,4
2014/4/16,9:27:29,2229.6,6
2014/4/16,9:27:29,2229.6,5
2014/4/16,9:27:30,2229.6,4
2014/4/16,9:27:30,2229.4,6
2014/4/16,9:27:31,2229.6,3
2014/4/16,9:27:31,2229.6,14
2014/4/16,9:27:32,2229.6,8
2014/4/16,9:27:32,2229.6,9
2014/4/16,9:27:33,2229.6,15
2014/4/16,9:27:34,2229.8,2
2014/4/16,9:27:34,2229.6,1
2014/4/16,9:27:35,2229.8,4
2014/4/16,9:27:35,2229.8,2
2014/4/16,9:27:36,2229.8,4
2014/4/16,9:27:36,2229.8,1
2014/4/16,9:27:37,2230.0,1
2014/4/16,9:27:37,2229.8,18
2014/4/16,9:27:38,2229.8,2
2014/4/16,9:27:38,2229.8,1
2014/4/16,9:27:39,2229.8,12
2014/4/16,9:27:40,2229.8,12
2014/4/16,9:27:41,2229.8,8
2014/4/16,9:27:41,2229.8,5
2014/4/16,9:27:42,2230.0,5
2014/4/16,9:27:42,2230.0,1
2014/4/16,9:27:43,2229.8,2
2014/4/16,9:27:44,2230.0,4
2014/4/16,9:27:44,2229.8,6
2014/4/16,9:27:45,2230.0,5
2014/4/16,9:27:45,2230.0,4
2014/4/16,9:27:46,2229.8,2
2014/4/16,9:27:46,2230.0,2
2014/4/16,9:27:47,2230.0,3
2014/4/16,9:27:47,2230.2,2
2014/4/16,9:27:48,2230.2,2
2014/4/16,9:27:48,2230.2,1
2014/4/16,9:27:49,2230.2,7
2014/4/16,9:27:49,2230.0,1
2014/4/16,9:27:50,2230.0,18
2014/4/16,9:27:50,2230.0,5
2014/4/16,9:27:51,2230.2,2
2014/4/16,9:27:52,2230.2,8
2014/4/16,9:27:52,2230.4,58
2014/4/16,9:27:53,2230.4,4
2014/4/16,9:27:54,2230.4,17
2014/4/16,9:27:54,2230.4,10
2014/4/16,9:27:55,2230.0,9
2014/4/16,9:27:55,2230.4,1
2014/4/16,9:27:56,2230.0,4
2014/4/16,9:27:56,2230.0,1
2014/4/16,9:27:57,2230.2,8
2014/4/16,9:27:57,2230.2,6
2014/4/16,9:27:58,2230.4,2
2014/4/16,9:27:58,2230.4,1
2014/4/16,9:27:59,2230.2,2
2014/4/16,9:28:00,2230.4,5
2014/4/16,9:28:00,2230.2,12
2014/4/16,9:28:01,2230.4,3
2014/4/16,9:28:01,2230.4,10
2014/4/16,9:28:02,2230.2,11
2014/4/16,9:28:02,2230.2,31
2014/4/16,9:28:03,2230.2,5
2014/4/16,9:28:03,2230.4,7
2014/4/16,9:28:04,2230.4,2
2014/4/16,9:28:04,2230.4,1
2014/4/16,9:28:05,2230.4,2
2014/4/16,9:28:05,2230.4,2
2014/4/16,9:28:06,2230.2,4
2014/4/16,9:28:06,2230.4,2
2014/4/16,9:28:07,2230.2,3
2014/4/16,9:28:07,2230.4,1
2014/4/16,9:28:08,2230.4,1
2014/4/16,9:28:08,2230.4,3
2014/4/16,9:28:09,2230.4,1
2014/4/16,9:28:09,2230.2,1
2014/4/16,9:28:10,2230.4,8
2014/4/16,9:28:11,2230.4,5
2014/4/16,9:28:11,2230.2,10
2014/4/16,9:28:12,2230.4,3
2014/4/16,9:28:12,2230.4,3
2014/4/16,9:28:13,2230.2,1
2014/4/16,9:28:13,2230.4,8
2014/4/16,9:28:14,2230.4,5
2014/4/16,9:28:14,2230.6,9
2014/4/16,9:28:15,2230.6,1
2014/4/16,9:28:15,2230.6,19
2014/4/16,9:28:16,2230.4,13
2014/4/16,9:28:16,2230.4,6
2014/4/16,9:28:17,2230.4,1
2014/4/16,9:28:17,2230.2,6
2014/4/16,9:28:18,2230.2,5
2014/4/16,9:28:18,2230.2,28
2014/4/16,9:28:19,2230.0,16
2014/4/16,9:28:19,2230.0,5
2014/4/16,9:28:20,2230.0,37
2014/4/16,9:28:20,2229.8,4
2014/4/16,9:28:21,2229.8,9
2014/4/16,9:28:22,2230.0,1
2014/4/16,9:28:22,2229.8,6
2014/4/16,9:28:23,2230.0,1
2014/4/16,9:28:23,2229.8,2
2014/4/16,9:28:24,2230.0,2
2014/4/16,9:28:24,2229.8,7
2014/4/16,9:28:25,2230.0,17
2014/4/16,9:28:25,2230.0,2
2014/4/16,9:28:26,2230.2,2
2014/4/16,9:28:26,2230.0,1
2014/4/16,9:28:27,2230.2,4
2014/4/16,9:28:28,2230.2,2
2014/4/16,9:28:28,2230.0,8
2014/4/16,9:28:29,2230.0,3
2014/4/16,9:28:29,2230.0,2
2014/4/16,9:28:30,2230.2,9
2014/4/16,9:28:31,2230.2,1
2014/4/16,9:28:32,2230.2,1
2014/4/16,9:28:32,2230.2,2
2014/4/16,9:28:33,2230.0,1
2014/4/16,9:28:33,2230.0,9
2014/4/16,9:28:34,2230.0,3
2014/4/16,9:28:34,2230.2,3
2014/4/16,9:28:35,2230.0,33
2014/4/16,9:28:35,2230.2,3
2014/4/16,9:28:36,2229.8,5
2014/4/16,9:28:36,2230.0,3
2014/4/16,9:28:37,2230.2,5
2014/4/16,9:28:37,2230.2,1
2014/4/16,9:28:38,2229.8,2
2014/4/16,9:28:39,2229.8,11
2014/4/16,9:28:39,2230.0,3
2014/4/16,9:28:40,2229.8,10
2014/4/16,9:28:40,2229.8,1
2014/4/16,9:28:41,2230.0,3
2014/4/16,9:28:41,2230.0,15
2014/4/16,9:28:42,2229.8,28
2014/4/16,9:28:43,2230.0,2
2014/4/16,9:28:43,2229.8,18
2014/4/16,9:28:44,2230.0,2
2014/4/16,9:28:44,2229.8,4
2014/4/16,9:28:45,2229.8,10
2014/4/16,9:28:45,2229.8,10
2014/4/16,9:28:46,2229.8,1
2014/4/16,9:28:46,2229.8,6
2014/4/16,9:28:47,2230.0,13
2014/4/16,9:28:47,2229.8,15
2014/4/16,9:28:48,2229.8,4
2014/4/16,9:28:49,2229.8,16
2014/4/16,9:28:49,2229.8,2
2014/4/16,9:28:50,2229.8,1
2014/4/16,9:28:50,2230.0,5
2014/4/16,9:28:51,2229.8,2
2014/4/16,9:28:51,2229.8,22
2014/4/16,9:28:52,2229.8,1
2014/4/16,9:28:53,2229.8,1
2014/4/16,9:28:53,2229.6,24
2014/4/16,9:28:54,2229.8,4
2014/4/16,9:28:54,2230.0,3
2014/4/16,9:28:55,2229.8,3
2014/4/16,9:28:55,2230.0,3
2014/4/16,9:28:56,2229.8,3
2014/4/16,9:28:56,2229.8,4
2014/4/16,9:28:57,2230.0,12
2014/4/16,9:28:57,2229.8,1
2014/4/16,9:28:58,2230.0,1
2014/4/16,9:28:59,2229.8,1
2014/4/16,9:28:59,2230.0,6
2014/4/16,9:29:00,2229.8,5
2014/4/16,9:29:00,2229.6,48
2014/4/16,9:29:01,2230.0,40
2014/4/16,9:29:01,2229.8,6
2014/4/16,9:29:02,2230.0,8
2014/4/16,9:29:02,2229.8,1
2014/4/16,9:29:03,2229.8,16
2014/4/16,9:29:03,2230.0,3
2014/4/16,9:29:04,2230.0,9
2014/4/16,9:29:04,2230.0,13
2014/4/16,9:29:05,2230.0,3
2014/4/16,9:29:06,2230.0,4
2014/4/16,9:29:06,2229.8,22
2014/4/16,9:29:07,2230.0,5
2014/4/16,9:29:07,2230.0,2
2014/4/16,9:29:09,2230.0,3
2014/4/16,9:29:09,2230.0,5
2014/4/16,9:29:10,2230.0,9
2014/4/16,9:29:10,2230.0,8
2014/4/16,9:29:11,2230.0,2
2014/4/16,9:29:11,2229.8,7
2014/4/16,9:29:12,2230.0,21
2014/4/16,9:29:12,2230.0,44
2014/4/16,9:29:13,2230.0,4
2014/4/16,9:29:13,2230.0,3
2014/4/16,9:29:14,2230.2,21
2014/4/16,9:29:14,2230.2,44
2014/4/16,9:29:15,2230.2,16
2014/4/16,9:29:15,2230.4,11
2014/4/16,9:29:16,2230.4,2
2014/4/16,9:29:16,2230.4,4
2014/4/16,9:29:17,2230.2,8
2014/4/16,9:29:17,2230.2,14
2014/4/16,9:29:18,2230.2,1
2014/4/16,9:29:19,2230.4,5
2014/4/16,9:29:19,2230.4,2
2014/4/16,9:29:20,2230.2,19
2014/4/16,9:29:20,2230.4,10
2014/4/16,9:29:21,2230.4,3
2014/4/16,9:29:21,2230.4,8
2014/4/16,9:29:22,2230.2,8
2014/4/16,9:29:22,2230.4,21
2014/4/16,9:29:23,2230.2,4
2014/4/16,9:29:23,2230.4,1
2014/4/16,9:29:24,2230.2,53
2014/4/16,9:29:24,2230.4,12
2014/4/16,9:29:25,2230.4,30
2014/4/16,9:29:25,2230.6,52
2014/4/16,9:29:26,2230.6,4
2014/4/16,9:29:26,2230.6,12
2014/4/16,9:29:27,2230.6,8
2014/4/16,9:29:27,2230.8,39
2014/4/16,9:29:28,2230.6,53
2014/4/16,9:29:28,2230.8,8
2014/4/16,9:29:29,2230.6,16
2014/4/16,9:29:29,2230.8,6
2014/4/16,9:29:30,2230.6,5
2014/4/16,9:29:30,2230.6,11
2014/4/16,9:29:31,2230.8,15
2014/4/16,9:29:31,2230.8,16
2014/4/16,9:29:32,2231.0,10
2014/4/16,9:29:32,2231.0,25
2014/4/16,9:29:33,2231.0,16
2014/4/16,9:29:33,2231.0,14
2014/4/16,9:29:34,2231.2,57
2014/4/16,9:29:34,2231.2,14
2014/4/16,9:29:35,2231.2,8
2014/4/16,9:29:35,2231.4,14
2014/4/16,9:29:36,2231.2,48
2014/4/16,9:29:36,2231.2,20
2014/4/16,9:29:37,2231.0,53
2014/4/16,9:29:37,2231.0,26
2014/4/16,9:29:38,2230.8,27
2014/4/16,9:29:38,2231.0,50
2014/4/16,9:29:39,2231.0,14
2014/4/16,9:29:39,2231.2,6
2014/4/16,9:29:40,2231.2,6
2014/4/16,9:29:40,2231.2,12
2014/4/16,9:29:41,2231.6,39
2014/4/16,9:29:41,2231.8,36
2014/4/16,9:29:42,2231.2,66
2014/4/16,9:29:42,2231.4,27
2014/4/16,9:29:43,2231.8,44
2014/4/16,9:29:43,2231.8,17
2014/4/16,9:29:44,2231.4,31
2014/4/16,9:29:44,2231.4,37
2014/4/16,9:29:45,2231.4,16
2014/4/16,9:29:45,2231.2,3
2014/4/16,9:29:46,2231.4,10
2014/4/16,9:29:46,2231.6,14
2014/4/16,9:29:47,2231.4,21
2014/4/16,9:29:47,2231.4,11
2014/4/16,9:29:48,2231.6,11
2014/4/16,9:29:48,2231.6,10
2014/4/16,9:29:49,2231.6,32
2014/4/16,9:29:49,2231.6,5
2014/4/16,9:29:50,2231.6,17
2014/4/16,9:29:50,2231.4,13
2014/4/16,9:29:51,2231.4,6
2014/4/16,9:29:51,2231.4,10
2014/4/16,9:29:52,2231.6,12
2014/4/16,9:29:52,2231.2,6
2014/4/16,9:29:53,2231.2,6
2014/4/16,9:29:53,2231.2,13
2014/4/16,9:29:54,2231.4,33
2014/4/16,9:29:54,2231.2,10
2014/4/16,9:29:55,2231.4,7
2014/4/16,9:29:55,2231.4,33
2014/4/16,9:29:56,2231.6,32
2014/4/16,9:29:56,2231.4,24
2014/4/16,9:29:57,2231.4,43
2014/4/16,9:29:57,2231.2,19
2014/4/16,9:29:58,2231.4,17
2014/4/16,9:29:58,2231.4,21
2014/4/16,9:29:59,2231.4,8
2014/4/16,9:29:59,2231.6,18
2014/4/16,9:30:00,2231.4,9
2014/4/16,9:30:00,2230.8,62
2014/4/16,9:30:01,2231.4,37
2014/4/16,9:30:01,2231.4,19
2014/4/16,9:30:02,2231.4,13
2014/4/16,9:30:02,2231.4,9
2014/4/16,9:30:03,2231.6,14
2014/4/16,9:30:03,2231.4,6
2014/4/16,9:30:04,2231.4,6
2014/4/16,9:30:04,2231.0,9
2014/4/16,9:30:05,2231.4,7
2014/4/16,9:30:05,2231.0,7
2014/4/16,9:30:06,2231.4,6
2014/4/16,9:30:07,2231.4,35
2014/4/16,9:30:07,2231.2,17
2014/4/16,9:30:08,2231.2,25
2014/4/16,9:30:08,2231.0,18
2014/4/16,9:30:09,2231.0,5
2014/4/16,9:30:09,2231.2,5
2014/4/16,9:30:10,2231.2,9
2014/4/16,9:30:10,2231.4,1
2014/4/16,9:30:11,2231.4,4
2014/4/16,9:30:11,2231.4,4
2014/4/16,9:30:12,2231.2,9
2014/4/16,9:30:13,2231.4,7
2014/4/16,9:30:13,2231.0,25
2014/4/16,9:30:14,2231.4,4
2014/4/16,9:30:14,2231.4,7
2014/4/16,9:30:15,2231.6,9
2014/4/16,9:30:15,2231.6,7
2014/4/16,9:30:16,2231.8,55
2014/4/16,9:30:16,2231.8,16
2014/4/16,9:30:17,2231.8,6
2014/4/16,9:30:17,2231.8,57
2014/4/16,9:30:18,2231.8,16
2014/4/16,9:30:18,2231.6,12
2014/4/16,9:30:19,2231.6,15
2014/4/16,9:30:19,2231.8,14
2014/4/16,9:30:20,2231.8,15
2014/4/16,9:30:20,2231.8,8
2014/4/16,9:30:21,2231.8,15
2014/4/16,9:30:21,2232.0,7
2014/4/16,9:30:22,2232.0,87
2014/4/16,9:30:22,2232.2,37
2014/4/16,9:30:23,2232.2,47
2014/4/16,9:30:23,2232.2,33
2014/4/16,9:30:24,2232.4,11
2014/4/16,9:30:24,2232.2,72
2014/4/16,9:30:25,2232.4,34
2014/4/16,9:30:25,2232.4,17
2014/4/16,9:30:26,2232.2,41
2014/4/16,9:30:26,2232.2,16
2014/4/16,9:30:27,2232.6,11
2014/4/16,9:30:27,2232.4,29
2014/4/16,9:30:28,2232.4,15
2014/4/16,9:30:28,2232.4,34
2014/4/16,9:30:29,2232.6,52
2014/4/16,9:30:29,2232.6,13
2014/4/16,9:30:30,2232.8,52
2014/4/16,9:30:30,2232.6,43
2014/4/16,9:30:31,2232.8,35
2014/4/16,9:30:31,2232.8,36
2014/4/16,9:30:32,2232.8,75
2014/4/16,9:30:32,2233.0,103
2014/4/16,9:30:33,2233.2,32
2014/4/16,9:30:33,2233.2,25
2014/4/16,9:30:34,2233.2,81
2014/4/16,9:30:34,2233.6,16
2014/4/16,9:30:35,2233.6,68
2014/4/16,9:30:35,2233.6,39
2014/4/16,9:30:36,2233.4,77
2014/4/16,9:30:36,2233.4,21
2014/4/16,9:30:37,2233.2,40
2014/4/16,9:30:37,2233.0,49
2014/4/16,9:30:38,2233.0,28
2014/4/16,9:30:38,2233.0,37
2014/4/16,9:30:39,2233.2,8
2014/4/16,9:30:39,2233.4,23
2014/4/16,9:30:40,2233.2,60
2014/4/16,9:30:40,2233.2,32
2014/4/16,9:30:41,2233.4,11
2014/4/16,9:30:41,2233.6,21
2014/4/16,9:30:42,2233.4,3
2014/4/16,9:30:42,2233.4,22
2014/4/16,9:30:43,2233.2,29
2014/4/16,9:30:43,2233.4,7
2014/4/16,9:30:44,2233.4,54
2014/4/16,9:30:44,2233.4,34
2014/4/16,9:30:45,2233.0,9
2014/4/16,9:30:45,2233.2,13
2014/4/16,9:30:46,2233.2,25
2014/4/16,9:30:46,2233.0,28
2014/4/16,9:30:47,2233.0,5
2014/4/16,9:30:47,2233.0,11
2014/4/16,9:30:48,2233.2,44
2014/4/16,9:30:48,2233.4,40
2014/4/16,9:30:49,2233.4,6
2014/4/16,9:30:49,2233.4,14
2014/4/16,9:30:50,2233.4,36
2014/4/16,9:30:50,2233.4,20
2014/4/16,9:30:51,2233.4,7
2014/4/16,9:30:51,2233.2,13
2014/4/16,9:30:52,2233.2,64
2014/4/16,9:30:52,2233.2,32
2014/4/16,9:30:53,2233.0,17
2014/4/16,9:30:53,2233.2,20
2014/4/16,9:30:54,2233.0,62
2014/4/16,9:30:54,2233.4,49
2014/4/16,9:30:55,2233.2,7
2014/4/16,9:30:55,2233.4,29
2014/4/16,9:30:56,2233.0,8
2014/4/16,9:30:56,2233.4,35
2014/4/16,9:30:57,2233.4,23
2014/4/16,9:30:57,2233.4,32
2014/4/16,9:30:58,2233.6,21
2014/4/16,9:30:58,2233.6,68
2014/4/16,9:30:59,2233.6,8
2014/4/16,9:30:59,2233.6,41
2014/4/16,9:31:00,2233.8,18
2014/4/16,9:31:00,2233.2,77
2014/4/16,9:31:01,2233.8,19
2014/4/16,9:31:01,2233.6,58
2014/4/16,9:31:02,2233.6,7
2014/4/16,9:31:02,2233.2,15
2014/4/16,9:31:03,2233.4,8
2014/4/16,9:31:03,2233.4,19
2014/4/16,9:31:04,2233.4,11
2014/4/16,9:31:04,2233.4,21
2014/4/16,9:31:05,2233.0,24
2014/4/16,9:31:05,2233.0,18
2014/4/16,9:31:06,2233.2,22
2014/4/16,9:31:06,2233.0,6
2014/4/16,9:31:07,2233.2,9
2014/4/16,9:31:07,2233.0,4
2014/4/16,9:31:08,2233.2,26
2014/4/16,9:31:08,2233.2,9
2014/4/16,9:31:09,2233.2,19
2014/4/16,9:31:09,2233.0,16
2014/4/16,9:31:10,2233.0,8
2014/4/16,9:31:10,2233.0,5
2014/4/16,9:31:11,2233.0,39
2014/4/16,9:31:11,2233.0,15
2014/4/16,9:31:12,2233.0,20
2014/4/16,9:31:12,2232.8,5
2014/4/16,9:31:13,2233.0,9
2014/4/16,9:31:13,2233.0,10
2014/4/16,9:31:14,2233.2,3
2014/4/16,9:31:14,2233.0,5
2014/4/16,9:31:15,2232.8,14
2014/4/16,9:31:15,2232.8,8
2014/4/16,9:31:16,2232.8,3
2014/4/16,9:31:16,2233.0,8
2014/4/16,9:31:17,2232.8,16
2014/4/16,9:31:17,2232.8,4
2014/4/16,9:31:18,2232.8,21
2014/4/16,9:31:18,2232.8,11
2014/4/16,9:31:19,2233.0,5
2014/4/16,9:31:19,2232.8,6
2014/4/16,9:31:20,2233.0,17
2014/4/16,9:31:20,2232.8,53
2014/4/16,9:31:21,2233.0,13
2014/4/16,9:31:21,2232.8,13
2014/4/16,9:31:22,2233.0,8
2014/4/16,9:31:22,2232.8,10
2014/4/16,9:31:23,2233.2,23
2014/4/16,9:31:23,2232.8,3
2014/4/16,9:31:24,2233.0,10
2014/4/16,9:31:24,2233.2,4
2014/4/16,9:31:25,2232.8,4
2014/4/16,9:31:25,2233.0,16
2014/4/16,9:31:26,2233.0,13
2014/4/16,9:31:26,2232.8,12
2014/4/16,9:31:27,2233.0,10
2014/4/16,9:31:27,2233.0,9
2014/4/16,9:31:28,2233.2,13
2014/4/16,9:31:28,2233.2,12
2014/4/16,9:31:29,2233.2,24
2014/4/16,9:31:29,2233.2,12
2014/4/16,9:31:30,2233.4,9
2014/4/16,9:31:30,2233.2,10
2014/4/16,9:31:31,2233.0,11
2014/4/16,9:31:31,2233.4,65
2014/4/16,9:31:32,2233.2,4
2014/4/16,9:31:32,2233.2,8
2014/4/16,9:31:33,2233.2,29
2014/4/16,9:31:33,2233.4,26
2014/4/16,9:31:34,2233.2,3
2014/4/16,9:31:34,2233.2,6
2014/4/16,9:31:35,2233.2,5
2014/4/16,9:31:35,2233.2,11
2014/4/16,9:31:36,2233.2,6
2014/4/16,9:31:36,2233.2,27
2014/4/16,9:31:37,2233.0,8
2014/4/16,9:31:37,2233.2,14
2014/4/16,9:31:38,2233.0,11
2014/4/16,9:31:38,2232.8,27
2014/4/16,9:31:39,2233.2,28
2014/4/16,9:31:39,2233.0,8
2014/4/16,9:31:40,2232.6,21
2014/4/16,9:31:40,2232.8,14
2014/4/16,9:31:41,2232.8,14
2014/4/16,9:31:41,2232.6,12
2014/4/16,9:31:42,2232.6,19
2014/4/16,9:31:42,2232.6,28
2014/4/16,9:31:43,2232.6,17
2014/4/16,9:31:43,2232.4,26
2014/4/16,9:31:44,2232.2,40
2014/4/16,9:31:44,2232.2,29
2014/4/16,9:31:45,2232.2,18
2014/4/16,9:31:45,2232.2,8
2014/4/16,9:31:46,2232.0,18
2014/4/16,9:31:46,2232.2,9
2014/4/16,9:31:47,2232.2,9
2014/4/16,9:31:47,2232.2,24
2014/4/16,9:31:48,2232.2,5
2014/4/16,9:31:48,2232.4,6
2014/4/16,9:31:49,2232.2,8
2014/4/16,9:31:49,2232.4,41
2014/4/16,9:31:50,2232.2,18
2014/4/16,9:31:50,2232.2,30
2014/4/16,9:31:51,2232.4,8
2014/4/16,9:31:51,2232.2,6
2014/4/16,9:31:52,2232.6,3
2014/4/16,9:31:52,2232.6,4
2014/4/16,9:31:53,2232.6,2
2014/4/16,9:31:53,2232.4,8
2014/4/16,9:31:54,2232.6,1
2014/4/16,9:31:54,2232.4,3
2014/4/16,9:31:55,2232.4,8
2014/4/16,9:31:55,2232.4,1
2014/4/16,9:31:56,2232.4,9
2014/4/16,9:31:56,2232.4,4
2014/4/16,9:31:57,2232.4,4
2014/4/16,9:31:57,2232.4,9
2014/4/16,9:31:58,2232.4,8
2014/4/16,9:31:58,2232.2,39
2014/4/16,9:31:59,2232.2,8
2014/4/16,9:31:59,2232.2,27
2014/4/16,9:32:00,2232.0,27
2014/4/16,9:32:00,2231.8,13
2014/4/16,9:32:01,2231.6,24
2014/4/16,9:32:01,2231.8,74
2014/4/16,9:32:02,2231.8,19
2014/4/16,9:32:02,2231.6,12
2014/4/16,9:32:03,2231.6,33
2014/4/16,9:32:03,2231.6,86
2014/4/16,9:32:04,2232.0,15
2014/4/16,9:32:04,2231.8,33
2014/4/16,9:32:05,2232.2,36
2014/4/16,9:32:05,2232.0,25
2014/4/16,9:32:06,2232.2,4
2014/4/16,9:32:06,2232.2,13
2014/4/16,9:32:07,2232.0,11
2014/4/16,9:32:07,2232.0,7
2014/4/16,9:32:08,2232.0,1
2014/4/16,9:32:08,2232.2,15
2014/4/16,9:32:09,2232.0,4
2014/4/16,9:32:09,2232.0,3
2014/4/16,9:32:10,2232.0,6
2014/4/16,9:32:10,2232.4,30
2014/4/16,9:32:11,2232.4,4
2014/4/16,9:32:11,2232.6,29
2014/4/16,9:32:12,2232.8,21
2014/4/16,9:32:12,2232.8,13
2014/4/16,9:32:13,2232.8,10
2014/4/16,9:32:13,2232.6,7
2014/4/16,9:32:14,2232.6,6
2014/4/16,9:32:14,2232.4,3
2014/4/16,9:32:15,2232.6,3
2014/4/16,9:32:15,2232.4,9
2014/4/16,9:32:16,2232.6,10
2014/4/16,9:32:16,2232.4,4
2014/4/16,9:32:17,2232.4,7
2014/4/16,9:32:17,2232.6,10
2014/4/16,9:32:18,2232.4,8
2014/4/16,9:32:18,2232.6,5
2014/4/16,9:32:19,2232.6,1
2014/4/16,9:32:19,2232.6,3
2014/4/16,9:32:20,2232.4,9
2014/4/16,9:32:20,2232.4,5
2014/4/16,9:32:21,2232.2,8
2014/4/16,9:32:21,2232.4,6
2014/4/16,9:32:22,2232.6,12
2014/4/16,9:32:22,2232.8,2
2014/4/16,9:32:23,2232.8,6
2014/4/16,9:32:23,2232.6,8
2014/4/16,9:32:24,2232.8,2
2014/4/16,9:32:24,2232.8,2
2014/4/16,9:32:25,2232.8,2
2014/4/16,9:32:25,2232.8,19
2014/4/16,9:32:26,2232.8,8
2014/4/16,9:32:26,2232.8,23
2014/4/16,9:32:27,2232.8,42
2014/4/16,9:32:27,2232.6,7
2014/4/16,9:32:28,2232.8,33
2014/4/16,9:32:28,2232.8,4
2014/4/16,9:32:29,2232.6,7
2014/4/16,9:32:29,2233.0,6
2014/4/16,9:32:30,2232.8,2
2014/4/16,9:32:30,2233.0,3
2014/4/16,9:32:31,2233.0,4
2014/4/16,9:32:31,2233.0,17
2014/4/16,9:32:32,2233.0,9
2014/4/16,9:32:32,2233.0,12
2014/4/16,9:32:33,2233.0,2
2014/4/16,9:32:33,2233.0,7
2014/4/16,9:32:34,2233.2,8
2014/4/16,9:32:34,2233.2,13
2014/4/16,9:32:35,2233.2,12
2014/4/16,9:32:35,2233.0,14
2014/4/16,9:32:36,2233.0,16
2014/4/16,9:32:36,2233.0,20
2014/4/16,9:32:37,2233.0,5
2014/4/16,9:32:37,2233.0,5
2014/4/16,9:32:38,2233.2,2
2014/4/16,9:32:38,2233.2,10
2014/4/16,9:32:39,2233.2,5
2014/4/16,9:32:39,2233.2,14
2014/4/16,9:32:40,2233.2,5
2014/4/16,9:32:40,2233.2,10
2014/4/16,9:32:41,2233.2,12
2014/4/16,9:32:41,2233.2,13
2014/4/16,9:32:42,2233.4,11
2014/4/16,9:32:42,2233.2,8
2014/4/16,9:32:43,2233.4,27
2014/4/16,9:32:43,2233.4,7
2014/4/16,9:32:44,2233.2,12
2014/4/16,9:32:44,2233.4,14
2014/4/16,9:32:45,2233.2,23
2014/4/16,9:32:45,2233.4,12
2014/4/16,9:32:46,2233.4,16
2014/4/16,9:32:46,2233.2,31
2014/4/16,9:32:47,2233.2,23
2014/4/16,9:32:47,2233.4,38
2014/4/16,9:32:48,2233.4,16
2014/4/16,9:32:48,2233.4,6
2014/4/16,9:32:49,2233.4,8
2014/4/16,9:32:49,2233.2,9
2014/4/16,9:32:50,2233.4,14
2014/4/16,9:32:50,2233.4,22
2014/4/16,9:32:51,2233.2,6
2014/4/16,9:32:51,2233.2,5
2014/4/16,9:32:52,2233.2,16
2014/4/16,9:32:52,2233.2,5
2014/4/16,9:32:53,2233.2,4
2014/4/16,9:32:53,2233.0,4
2014/4/16,9:32:54,2233.0,31
2014/4/16,9:32:54,2233.0,23
2014/4/16,9:32:55,2232.8,9
2014/4/16,9:32:55,2232.8,22
2014/4/16,9:32:56,2232.8,14
2014/4/16,9:32:56,2232.6,33
2014/4/16,9:32:57,2232.6,32
2014/4/16,9:32:57,2232.6,34
2014/4/16,9:32:58,2232.6,26
2014/4/16,9:32:58,2232.6,3
2014/4/16,9:32:59,2232.6,3
2014/4/16,9:32:59,2232.6,25
2014/4/16,9:33:00,2232.6,38
2014/4/16,9:33:00,2232.6,22
2014/4/16,9:33:01,2232.2,13
2014/4/16,9:33:01,2232.4,14
2014/4/16,9:33:02,2232.2,7
2014/4/16,9:33:02,2232.2,44
2014/4/16,9:33:03,2232.2,1
2014/4/16,9:33:03,2232.6,3
2014/4/16,9:33:04,2232.4,3
2014/4/16,9:33:04,2232.4,2
2014/4/16,9:33:05,2232.6,20
2014/4/16,9:33:05,2232.6,6
2014/4/16,9:33:06,2232.8,10
2014/4/16,9:33:06,2232.8,3
2014/4/16,9:33:07,2232.6,1
2014/4/16,9:33:07,2232.8,12
2014/4/16,9:33:08,2233.0,1
2014/4/16,9:33:08,2233.0,8
2014/4/16,9:33:09,2232.8,23
2014/4/16,9:33:09,2232.8,50
2014/4/16,9:33:10,2232.8,15
2014/4/16,9:33:10,2232.8,13
2014/4/16,9:33:11,2232.8,9
2014/4/16,9:33:11,2233.0,7
2014/4/16,9:33:12,2233.0,5
2014/4/16,9:33:12,2232.8,10
2014/4/16,9:33:13,2233.0,13
2014/4/16,9:33:13,2232.6,1
2014/4/16,9:33:14,2232.8,7
2014/4/16,9:33:14,2233.0,6
2014/4/16,9:33:15,2232.8,2
2014/4/16,9:33:15,2233.0,6
2014/4/16,9:33:16,2233.0,22
2014/4/16,9:33:16,2232.8,25
2014/4/16,9:33:17,2232.8,27
2014/4/16,9:33:17,2233.0,23
2014/4/16,9:33:18,2233.0,13
2014/4/16,9:33:18,2233.0,4
2014/4/16,9:33:19,2233.0,10
2014/4/16,9:33:19,2233.0,7
2014/4/16,9:33:20,2233.0,6
2014/4/16,9:33:20,2232.8,6
2014/4/16,9:33:21,2233.0,8
2014/4/16,9:33:21,2232.8,14
2014/4/16,9:33:22,2232.8,9
2014/4/16,9:33:22,2233.0,36
2014/4/16,9:33:23,2232.6,2
2014/4/16,9:33:23,2233.0,20
2014/4/16,9:33:24,2233.2,18
2014/4/16,9:33:24,2233.2,8
2014/4/16,9:33:25,2233.0,11
2014/4/16,9:33:25,2233.0,12
2014/4/16,9:33:26,2233.0,6
2014/4/16,9:33:26,2233.4,33
2014/4/16,9:33:27,2233.4,11
2014/4/16,9:33:27,2233.0,25
2014/4/16,9:33:28,2233.2,4
2014/4/16,9:33:28,2233.4,19
2014/4/16,9:33:29,2233.2,5
2014/4/16,9:33:29,2233.4,35
2014/4/16,9:33:30,2233.4,9
2014/4/16,9:33:30,2233.4,5
2014/4/16,9:33:31,2233.2,6
2014/4/16,9:33:31,2233.2,2
2014/4/16,9:33:32,2233.0,8
2014/4/16,9:33:32,2233.2,6
2014/4/16,9:33:33,2233.2,3
2014/4/16,9:33:33,2233.4,2
2014/4/16,9:33:34,2233.2,1
2014/4/16,9:33:34,2233.2,30
2014/4/16,9:33:35,2233.4,4
2014/4/16,9:33:35,2233.2,1
2014/4/16,9:33:36,2233.2,12
2014/4/16,9:33:36,2233.2,14
2014/4/16,9:33:37,2233.0,7
2014/4/16,9:33:37,2233.2,5
2014/4/16,9:33:38,2233.2,5
2014/4/16,9:33:38,2233.4,2
2014/4/16,9:33:39,2233.4,8
2014/4/16,9:33:39,2233.2,7
2014/4/16,9:33:40,2233.2,11
2014/4/16,9:33:40,2233.4,7
2014/4/16,9:33:41,2233.6,26
2014/4/16,9:33:41,2233.6,30
2014/4/16,9:33:42,2233.6,10
2014/4/16,9:33:42,2233.6,16
2014/4/16,9:33:43,2233.6,41
2014/4/16,9:33:43,2233.8,41
2014/4/16,9:33:44,2233.8,21
2014/4/16,9:33:44,2233.8,25
2014/4/16,9:33:45,2233.8,17
2014/4/16,9:33:45,2234.0,13
2014/4/16,9:33:46,2233.8,39
2014/4/16,9:33:46,2234.0,32
2014/4/16,9:33:47,2234.0,10
2014/4/16,9:33:47,2233.8,18
2014/4/16,9:33:48,2233.8,25
2014/4/16,9:33:48,2233.8,17
2014/4/16,9:33:49,2234.0,7
2014/4/16,9:33:49,2233.6,23
2014/4/16,9:33:50,2233.6,7
2014/4/16,9:33:50,2233.6,10
2014/4/16,9:33:51,2233.8,15
2014/4/16,9:33:51,2233.8,17
2014/4/16,9:33:52,2233.8,44
2014/4/16,9:33:52,2233.8,25
2014/4/16,9:33:53,2233.6,16
2014/4/16,9:33:53,2233.4,52
2014/4/16,9:33:54,2233.4,13
2014/4/16,9:33:54,2233.2,18
2014/4/16,9:33:55,2233.2,15
2014/4/16,9:33:55,2233.2,12
2014/4/16,9:33:56,2233.2,11
2014/4/16,9:33:56,2233.2,10
2014/4/16,9:33:57,2233.2,38
2014/4/16,9:33:57,2233.2,17
2014/4/16,9:33:58,2233.4,19
2014/4/16,9:33:58,2233.6,9
2014/4/16,9:33:59,2233.4,4
2014/4/16,9:33:59,2233.4,9
2014/4/16,9:34:00,2233.2,7
2014/4/16,9:34:00,2233.4,18
2014/4/16,9:34:01,2233.4,18
2014/4/16,9:34:01,2233.6,9
2014/4/16,9:34:02,2233.6,9
2014/4/16,9:34:02,2233.6,27
2014/4/16,9:34:03,2233.8,28
2014/4/16,9:34:03,2234.0,57
2014/4/16,9:34:04,2234.0,29
2014/4/16,9:34:04,2234.2,37
2014/4/16,9:34:05,2234.4,50
2014/4/16,9:34:05,2234.4,26
2014/4/16,9:34:06,2234.6,10
2014/4/16,9:34:06,2234.4,34
2014/4/16,9:34:07,2234.4,21
2014/4/16,9:34:07,2234.4,54
2014/4/16,9:34:08,2234.4,24
2014/4/16,9:34:08,2234.2,42
2014/4/16,9:34:09,2234.0,20
2014/4/16,9:34:09,2234.2,20
2014/4/16,9:34:10,2234.0,25
2014/4/16,9:34:10,2234.2,26
2014/4/16,9:34:11,2234.0,23
2014/4/16,9:34:11,2234.2,13
2014/4/16,9:34:12,2234.2,35
2014/4/16,9:34:12,2234.2,21
2014/4/16,9:34:13,2234.2,12
2014/4/16,9:34:13,2234.2,16
2014/4/16,9:34:14,2234.2,12
2014/4/16,9:34:14,2234.4,4
2014/4/16,9:34:15,2234.2,22
2014/4/16,9:34:15,2234.2,9
2014/4/16,9:34:16,2234.2,8
2014/4/16,9:34:16,2234.4,35
2014/4/16,9:34:17,2234.4,5
2014/4/16,9:34:17,2234.4,6
2014/4/16,9:34:18,2234.0,9
2014/4/16,9:34:18,2234.0,14
2014/4/16,9:34:19,2234.0,26
2014/4/16,9:34:19,2233.8,14
2014/4/16,9:34:20,2234.0,33
2014/4/16,9:34:20,2234.2,9
2014/4/16,9:34:21,2234.0,15
2014/4/16,9:34:21,2234.0,6
2014/4/16,9:34:22,2234.4,9
2014/4/16,9:34:22,2234.2,15
2014/4/16,9:34:23,2234.2,8
2014/4/16,9:34:23,2234.2,14
2014/4/16,9:34:24,2234.4,8
2014/4/16,9:34:25,2234.2,19
2014/4/16,9:34:25,2234.6,107
2014/4/16,9:34:26,2234.4,39
2014/4/16,9:34:26,2234.8,36
2014/4/16,9:34:27,2234.8,73
2014/4/16,9:34:27,2234.8,27
2014/4/16,9:34:28,2235.0,52
2014/4/16,9:34:28,2235.0,40
2014/4/16,9:34:29,2234.8,23
2014/4/16,9:34:29,2235.0,17
2014/4/16,9:34:30,2235.0,17
2014/4/16,9:34:30,2235.2,37
2014/4/16,9:34:31,2235.0,22
2014/4/16,9:34:31,2235.0,40
2014/4/16,9:34:32,2234.8,35
2014/4/16,9:34:32,2235.0,70
2014/4/16,9:34:33,2235.0,17
2014/4/16,9:34:33,2234.8,23
2014/4/16,9:34:34,2234.6,16
2014/4/16,9:34:34,2234.8,23
2014/4/16,9:34:35,2234.8,6
2014/4/16,9:34:35,2234.8,27
2014/4/16,9:34:36,2234.6,13
2014/4/16,9:34:36,2234.8,8
2014/4/16,9:34:37,2234.6,19
2014/4/16,9:34:37,2234.4,4
2014/4/16,9:34:38,2234.8,16
2014/4/16,9:34:38,2234.6,9
2014/4/16,9:34:39,2234.4,14
2014/4/16,9:34:39,2234.6,15
2014/4/16,9:34:40,2234.4,6
2014/4/16,9:34:40,2234.6,7
2014/4/16,9:34:41,2234.4,18
2014/4/16,9:34:41,2234.2,9
2014/4/16,9:34:42,2234.4,11
2014/4/16,9:34:42,2234.6,8
2014/4/16,9:34:43,2234.6,12
2014/4/16,9:34:43,2234.4,28
2014/4/16,9:34:44,2234.4,4
2014/4/16,9:34:44,2234.2,20
2014/4/16,9:34:45,2234.2,22
2014/4/16,9:34:45,2234.2,5
2014/4/16,9:34:46,2234.2,38
2014/4/16,9:34:46,2234.2,13
2014/4/16,9:34:47,2234.2,11
2014/4/16,9:34:47,2234.4,7
2014/4/16,9:34:48,2234.4,5
2014/4/16,9:34:48,2234.4,2
2014/4/16,9:34:49,2234.4,9
2014/4/16,9:34:49,2234.6,53
2014/4/16,9:34:50,2234.6,16
2014/4/16,9:34:50,2234.6,18
2014/4/16,9:34:51,2234.6,73
2014/4/16,9:34:51,2234.6,9
2014/4/16,9:34:52,2234.6,16
2014/4/16,9:34:52,2234.8,9
2014/4/16,9:34:53,2234.6,8
2014/4/16,9:34:53,2234.6,10
2014/4/16,9:34:54,2234.6,5
2014/4/16,9:34:54,2234.6,8
2014/4/16,9:34:55,2234.6,16
2014/4/16,9:34:55,2234.6,9
2014/4/16,9:34:56,2234.6,19
2014/4/16,9:34:56,2234.6,29
2014/4/16,9:34:57,2234.4,7
2014/4/16,9:34:57,2234.2,19
2014/4/16,9:34:58,2234.6,5
2014/4/16,9:34:58,2234.4,12
2014/4/16,9:34:59,2234.6,32
2014/4/16,9:34:59,2234.8,31
2014/4/16,9:35:00,2234.6,6
2014/4/16,9:35:00,2234.8,46
2014/4/16,9:35:01,2234.8,29
2014/4/16,9:35:01,2234.4,32
2014/4/16,9:35:02,2234.6,8
2014/4/16,9:35:02,2234.6,10
2014/4/16,9:35:03,2234.6,17
2014/4/16,9:35:03,2234.6,14
2014/4/16,9:35:04,2234.6,4
2014/4/16,9:35:04,2234.2,25
2014/4/16,9:35:05,2234.2,24
2014/4/16,9:35:05,2234.0,9
2014/4/16,9:35:06,2234.2,13
2014/4/16,9:35:06,2234.0,32
2014/4/16,9:35:07,2234.0,11
2014/4/16,9:35:07,2234.2,15
2014/4/16,9:35:08,2234.0,12
2014/4/16,9:35:08,2233.8,33
2014/4/16,9:35:09,2233.8,18
2014/4/16,9:35:09,2233.8,7
2014/4/16,9:35:10,2234.0,11
2014/4/16,9:35:10,2234.0,29
2014/4/16,9:35:11,2233.8,15
2014/4/16,9:35:11,2233.8,30
2014/4/16,9:35:12,2234.0,10
2014/4/16,9:35:12,2234.2,36
2014/4/16,9:35:13,2234.2,23
2014/4/16,9:35:13,2234.8,119
2014/4/16,9:35:14,2234.2,7
2014/4/16,9:35:14,2234.4,23
2014/4/16,9:35:15,2234.0,11
2014/4/16,9:35:15,2234.0,11
2014/4/16,9:35:16,2234.4,1
2014/4/16,9:35:17,2234.4,19
2014/4/16,9:35:17,2234.4,11
2014/4/16,9:35:18,2234.4,4
2014/4/16,9:35:18,2234.0,10
2014/4/16,9:35:19,2234.4,9
2014/4/16,9:35:19,2234.4,8
2014/4/16,9:35:20,2234.0,4
2014/4/16,9:35:20,2234.0,4
2014/4/16,9:35:21,2234.2,7
2014/4/16,9:35:21,2234.4,20
2014/4/16,9:35:22,2234.2,7
2014/4/16,9:35:22,2234.0,6
2014/4/16,9:35:23,2234.2,8
2014/4/16,9:35:23,2234.2,8
2014/4/16,9:35:24,2234.0,20
2014/4/16,9:35:24,2234.0,3
2014/4/16,9:35:25,2234.2,7
2014/4/16,9:35:26,2234.2,5
2014/4/16,9:35:26,2234.0,32
2014/4/16,9:35:27,2234.0,8
2014/4/16,9:35:27,2234.2,38
2014/4/16,9:35:28,2234.4,10
2014/4/16,9:35:28,2234.4,5
2014/4/16,9:35:29,2234.2,6
2014/4/16,9:35:29,2234.2,22
2014/4/16,9:35:30,2234.0,5
2014/4/16,9:35:30,2234.2,15
2014/4/16,9:35:31,2234.4,10
2014/4/16,9:35:31,2234.2,7
2014/4/16,9:35:32,2234.6,4
2014/4/16,9:35:32,2234.6,1
2014/4/16,9:35:33,2234.6,15
2014/4/16,9:35:33,2234.2,10
2014/4/16,9:35:34,2234.6,6
2014/4/16,9:35:34,2234.6,3
2014/4/16,9:35:35,2234.6,9
2014/4/16,9:35:35,2234.6,6
2014/4/16,9:35:36,2234.6,2
2014/4/16,9:35:36,2234.4,3
2014/4/16,9:35:37,2234.2,3
2014/4/16,9:35:37,2234.6,6
2014/4/16,9:35:38,2234.6,3
2014/4/16,9:35:38,2234.6,18
2014/4/16,9:35:39,2234.4,4
2014/4/16,9:35:39,2234.6,6
2014/4/16,9:35:40,2234.4,5
2014/4/16,9:35:40,2234.6,23
2014/4/16,9:35:41,2234.6,12
2014/4/16,9:35:41,2234.6,4
2014/4/16,9:35:42,2234.6,31
2014/4/16,9:35:42,2234.6,243
2014/4/16,9:35:43,2235.0,11
2014/4/16,9:35:43,2235.0,32
2014/4/16,9:35:44,2235.4,31
2014/4/16,9:35:44,2235.6,66
2014/4/16,9:35:45,2235.8,159
2014/4/16,9:35:45,2235.8,91
2014/4/16,9:35:46,2236.0,65
2014/4/16,9:35:46,2235.8,143
2014/4/16,9:35:47,2236.0,42
2014/4/16,9:35:47,2235.8,129
2014/4/16,9:35:48,2235.8,62
2014/4/16,9:35:48,2235.6,113
2014/4/16,9:35:49,2235.6,74
2014/4/16,9:35:49,2235.6,34
2014/4/16,9:35:50,2235.4,18
2014/4/16,9:35:50,2235.8,16
2014/4/16,9:35:51,2235.6,10
2014/4/16,9:35:51,2235.2,26
2014/4/16,9:35:52,2235.4,16
2014/4/16,9:35:52,2235.2,29
2014/4/16,9:35:53,2235.4,18
2014/4/16,9:35:53,2235.2,9
2014/4/16,9:35:54,2235.2,12
2014/4/16,9:35:54,2235.6,50
2014/4/16,9:35:55,2235.6,23
2014/4/16,9:35:55,2235.4,12
2014/4/16,9:35:56,2235.6,21
2014/4/16,9:35:56,2235.4,15
2014/4/16,9:35:57,2235.6,12
2014/4/16,9:35:57,2235.4,13
2014/4/16,9:35:58,2235.4,26
2014/4/16,9:35:58,2235.4,21
2014/4/16,9:35:59,2235.6,60
2014/4/16,9:35:59,2235.6,65
2014/4/16,9:36:00,2235.4,24
2014/4/16,9:36:00,2235.4,50
2014/4/16,9:36:01,2235.8,26
2014/4/16,9:36:01,2235.4,15
2014/4/16,9:36:02,2235.6,9
2014/4/16,9:36:02,2235.6,32
2014/4/16,9:36:03,2235.6,21
2014/4/16,9:36:03,2235.2,6
2014/4/16,9:36:04,2235.2,35
2014/4/16,9:36:04,2235.0,16
2014/4/16,9:36:05,2235.4,26
2014/4/16,9:36:05,2235.2,26
2014/4/16,9:36:06,2235.4,8
2014/4/16,9:36:06,2235.0,8
2014/4/16,9:36:07,2235.0,17
2014/4/16,9:36:07,2234.8,16
2014/4/16,9:36:08,2234.8,28
2014/4/16,9:36:08,2234.8,8
2014/4/16,9:36:09,2235.0,8
2014/4/16,9:36:09,2235.0,10
2014/4/16,9:36:10,2234.8,26
2014/4/16,9:36:10,2234.8,39
2014/4/16,9:36:11,2235.0,12
2014/4/16,9:36:11,2234.8,5
2014/4/16,9:36:12,2234.8,12
2014/4/16,9:36:12,2234.8,6
2014/4/16,9:36:13,2234.6,12
2014/4/16,9:36:13,2234.8,6
2014/4/16,9:36:14,2234.6,26
2014/4/16,9:36:14,2234.6,5
2014/4/16,9:36:15,2234.8,18
2014/4/16,9:36:15,2234.6,21
2014/4/16,9:36:16,2234.6,30
2014/4/16,9:36:16,2234.6,13
2014/4/16,9:36:17,2234.6,50
2014/4/16,9:36:17,2234.8,6
2014/4/16,9:36:18,2234.6,2
2014/4/16,9:36:18,2234.8,4
2014/4/16,9:36:19,2234.6,13
2014/4/16,9:36:19,2234.6,15
2014/4/16,9:36:20,2234.4,13
2014/4/16,9:36:20,2234.6,19
2014/4/16,9:36:21,2234.6,7
2014/4/16,9:36:21,2234.8,10
2014/4/16,9:36:22,2234.6,5
2014/4/16,9:36:22,2235.0,8
2014/4/16,9:36:23,2234.8,3
2014/4/16,9:36:23,2234.8,18
2014/4/16,9:36:24,2235.0,1
2014/4/16,9:36:24,2235.0,4
2014/4/16,9:36:25,2234.6,20
2014/4/16,9:36:25,2234.8,10
2014/4/16,9:36:26,2234.8,17
2014/4/16,9:36:26,2234.8,7
2014/4/16,9:36:27,2234.8,16
2014/4/16,9:36:27,2234.6,22
2014/4/16,9:36:28,2234.6,55
2014/4/16,9:36:28,2234.6,23
2014/4/16,9:36:29,2234.6,8
2014/4/16,9:36:29,2234.6,5
2014/4/16,9:36:30,2234.6,12
2014/4/16,9:36:30,2234.6,9
2014/4/16,9:36:31,2234.6,6
2014/4/16,9:36:31,2234.6,5
2014/4/16,9:36:32,2234.6,9
2014/4/16,9:36:32,2234.6,7
2014/4/16,9:36:33,2234.6,7
2014/4/16,9:36:33,2234.6,6
2014/4/16,9:36:34,2234.8,24
2014/4/16,9:36:34,2234.8,4
2014/4/16,9:36:35,2234.8,5
2014/4/16,9:36:35,2234.8,2
2014/4/16,9:36:36,2234.6,13
2014/4/16,9:36:36,2234.6,3
2014/4/16,9:36:37,2234.8,9
2014/4/16,9:36:37,2234.6,9
2014/4/16,9:36:38,2234.8,9
2014/4/16,9:36:38,2234.6,4
2014/4/16,9:36:39,2234.6,4
2014/4/16,9:36:39,2234.8,5
2014/4/16,9:36:40,2234.4,3
2014/4/16,9:36:40,2234.4,10
2014/4/16,9:36:41,2234.6,4
2014/4/16,9:36:41,2234.6,6
2014/4/16,9:36:42,2234.6,3
2014/4/16,9:36:42,2234.4,4
2014/4/16,9:36:43,2234.8,23
2014/4/16,9:36:43,2234.6,9
2014/4/16,9:36:44,2234.8,4
2014/4/16,9:36:44,2234.8,18
2014/4/16,9:36:45,2235.0,1
2014/4/16,9:36:45,2235.0,6
2014/4/16,9:36:46,2235.0,16
2014/4/16,9:36:46,2235.0,6
2014/4/16,9:36:47,2235.0,29
2014/4/16,9:36:47,2235.0,5
2014/4/16,9:36:48,2234.6,66
2014/4/16,9:36:48,2234.6,31
2014/4/16,9:36:49,2234.6,7
2014/4/16,9:36:49,2234.4,34
2014/4/16,9:36:50,2234.6,6
2014/4/16,9:36:50,2234.4,15
2014/4/16,9:36:51,2234.6,28
2014/4/16,9:36:51,2234.6,8
2014/4/16,9:36:52,2234.8,3
2014/4/16,9:36:52,2234.4,40
2014/4/16,9:36:53,2234.8,4
2014/4/16,9:36:53,2234.6,5
2014/4/16,9:36:54,2234.8,14
2014/4/16,9:36:54,2234.8,1
2014/4/16,9:36:55,2234.6,12
2014/4/16,9:36:55,2234.8,4
2014/4/16,9:36:56,2234.6,33
2014/4/16,9:36:56,2234.4,49
2014/4/16,9:36:57,2234.4,36
2014/4/16,9:36:57,2234.2,10
2014/4/16,9:36:58,2234.2,21
2014/4/16,9:36:58,2234.4,17
2014/4/16,9:36:59,2234.4,7
2014/4/16,9:36:59,2234.4,3
2014/4/16,9:37:00,2234.4,8
2014/4/16,9:37:00,2234.4,33
2014/4/16,9:37:01,2234.4,24
2014/4/16,9:37:01,2234.6,14
2014/4/16,9:37:02,2234.4,15
2014/4/16,9:37:02,2234.4,5
2014/4/16,9:37:03,2234.6,6
2014/4/16,9:37:03,2234.4,9
2014/4/16,9:37:04,2234.6,9
2014/4/16,9:37:04,2234.4,4
2014/4/16,9:37:05,2234.6,3
2014/4/16,9:37:05,2234.6,17
2014/4/16,9:37:06,2234.6,9
2014/4/16,9:37:06,2234.6,4
2014/4/16,9:37:07,2234.6,7
2014/4/16,9:37:07,2234.6,4
2014/4/16,9:37:08,2234.6,5
2014/4/16,9:37:08,2234.4,18
2014/4/16,9:37:09,2234.6,10
2014/4/16,9:37:09,2234.4,6
2014/4/16,9:37:10,2234.6,6
2014/4/16,9:37:10,2234.4,5
2014/4/16,9:37:11,2234.4,17
2014/4/16,9:37:11,2234.4,12
2014/4/16,9:37:12,2234.4,22
2014/4/16,9:37:12,2234.4,5
2014/4/16,9:37:13,2234.4,24
2014/4/16,9:37:13,2234.4,3
2014/4/16,9:37:14,2234.2,32
2014/4/16,9:37:14,2234.4,17
2014/4/16,9:37:15,2234.2,4
2014/4/16,9:37:15,2234.2,24
2014/4/16,9:37:16,2234.4,13
2014/4/16,9:37:16,2234.6,14
2014/4/16,9:37:17,2234.6,4
2014/4/16,9:37:17,2234.6,3
2014/4/16,9:37:18,2234.6,2
2014/4/16,9:37:18,2234.4,5
2014/4/16,9:37:19,2234.6,2
2014/4/16,9:37:19,2234.4,3
2014/4/16,9:37:20,2234.4,12
2014/4/16,9:37:20,2234.4,8
2014/4/16,9:37:21,2234.4,16
2014/4/16,9:37:21,2234.2,6
2014/4/16,9:37:22,2234.4,9
2014/4/16,9:37:22,2234.4,17
2014/4/16,9:37:23,2234.4,8
2014/4/16,9:37:23,2234.6,21
2014/4/16,9:37:24,2234.6,6
2014/4/16,9:37:24,2234.6,1
2014/4/16,9:37:25,2234.8,18
2014/4/16,9:37:25,2234.8,3
2014/4/16,9:37:26,2234.6,15
2014/4/16,9:37:27,2234.6,28
2014/4/16,9:37:27,2234.6,21
2014/4/16,9:37:28,2234.6,3
2014/4/16,9:37:28,2234.4,8
2014/4/16,9:37:29,2234.6,4
2014/4/16,9:37:29,2234.6,3
2014/4/16,9:37:30,2234.4,11
2014/4/16,9:37:30,2234.6,17
2014/4/16,9:37:31,2234.4,15
2014/4/16,9:37:31,2234.4,14
2014/4/16,9:37:32,2234.4,11
2014/4/16,9:37:32,2234.4,6
2014/4/16,9:37:33,2234.4,11
2014/4/16,9:37:33,2234.4,21
2014/4/16,9:37:34,2234.6,20
2014/4/16,9:37:34,2234.4,3
2014/4/16,9:37:35,2234.6,1
2014/4/16,9:37:35,2234.4,13
2014/4/16,9:37:36,2234.4,5
2014/4/16,9:37:36,2234.4,4
2014/4/16,9:37:37,2234.2,8
2014/4/16,9:37:37,2234.6,23
2014/4/16,9:37:38,2234.4,10
2014/4/16,9:37:38,2234.4,3
2014/4/16,9:37:39,2234.4,3
2014/4/16,9:37:39,2234.6,9
2014/4/16,9:37:40,2234.4,8
2014/4/16,9:37:40,2234.4,10
2014/4/16,9:37:41,2234.4,3
2014/4/16,9:37:41,2234.2,9
2014/4/16,9:37:42,2234.2,17
2014/4/16,9:37:42,2234.2,76
2014/4/16,9:37:43,2234.2,38
2014/4/16,9:37:43,2234.0,50
2014/4/16,9:37:44,2234.0,44
2014/4/16,9:37:44,2234.0,20
2014/4/16,9:37:45,2234.0,10
2014/4/16,9:37:45,2234.0,16
2014/4/16,9:37:46,2234.0,33
2014/4/16,9:37:46,2233.8,1
2014/4/16,9:37:47,2234.0,28
2014/4/16,9:37:47,2234.0,9
2014/4/16,9:37:48,2234.0,10
2014/4/16,9:37:48,2234.0,60
2014/4/16,9:37:49,2234.0,24
2014/4/16,9:37:49,2234.0,14
2014/4/16,9:37:50,2233.8,28
2014/4/16,9:37:50,2234.2,3
2014/4/16,9:37:51,2234.0,3
2014/4/16,9:37:51,2234.0,5
2014/4/16,9:37:52,2234.2,4
2014/4/16,9:37:52,2234.2,9
2014/4/16,9:37:53,2234.4,26
2014/4/16,9:37:53,2234.4,8
2014/4/16,9:37:54,2234.2,5
2014/4/16,9:37:54,2234.2,14
2014/4/16,9:37:55,2234.2,11
2014/4/16,9:37:55,2234.2,13
2014/4/16,9:37:56,2234.2,13
2014/4/16,9:37:57,2234.2,21
2014/4/16,9:37:57,2234.2,37
2014/4/16,9:37:58,2234.0,1
2014/4/16,9:37:58,2234.0,4
2014/4/16,9:37:59,2234.0,14
2014/4/16,9:37:59,2234.0,8
2014/4/16,9:38:00,2234.0,8
2014/4/16,9:38:00,2233.8,27
2014/4/16,9:38:01,2234.0,16
2014/4/16,9:38:01,2234.0,14
2014/4/16,9:38:02,2234.2,31
2014/4/16,9:38:02,2234.0,23
2014/4/16,9:38:03,2234.2,2
2014/4/16,9:38:03,2234.2,2
2014/4/16,9:38:04,2234.0,9
2014/4/16,9:38:04,2234.0,21
2014/4/16,9:38:05,2234.2,2
2014/4/16,9:38:05,2234.2,7
2014/4/16,9:38:06,2234.4,3
2014/4/16,9:38:06,2234.2,1
2014/4/16,9:38:07,2234.2,6
2014/4/16,9:38:07,2234.2,26
2014/4/16,9:38:08,2234.2,1
2014/4/16,9:38:08,2234.2,1
2014/4/16,9:38:09,2234.0,1
2014/4/16,9:38:09,2234.2,12
2014/4/16,9:38:10,2234.0,14
2014/4/16,9:38:11,2234.0,20
2014/4/16,9:38:11,2234.0,32
2014/4/16,9:38:12,2234.0,11
2014/4/16,9:38:12,2234.0,12
2014/4/16,9:38:13,2234.0,8
2014/4/16,9:38:13,2234.0,6
2014/4/16,9:38:14,2233.8,4
2014/4/16,9:38:14,2233.8,4
2014/4/16,9:38:15,2234.0,26
2014/4/16,9:38:15,2233.8,44
2014/4/16,9:38:16,2234.0,4
2014/4/16,9:38:16,2234.0,9
2014/4/16,9:38:17,2234.2,10
2014/4/16,9:38:17,2234.2,3
2014/4/16,9:38:18,2234.2,2
2014/4/16,9:38:18,2234.2,4
2014/4/16,9:38:19,2233.8,2
2014/4/16,9:38:19,2234.4,21
2014/4/16,9:38:20,2234.0,11
2014/4/16,9:38:20,2234.0,8
2014/4/16,9:38:21,2234.0,12
2014/4/16,9:38:21,2234.0,2
2014/4/16,9:38:22,2233.8,6
2014/4/16,9:38:22,2234.0,3
2014/4/16,9:38:23,2233.8,15
2014/4/16,9:38:23,2234.0,7
2014/4/16,9:38:24,2233.8,13
2014/4/16,9:38:24,2234.0,7
2014/4/16,9:38:25,2233.8,9
2014/4/16,9:38:25,2233.8,12
2014/4/16,9:38:26,2234.0,7
2014/4/16,9:38:26,2234.0,26
2014/4/16,9:38:27,2233.8,10
2014/4/16,9:38:27,2233.8,9
2014/4/16,9:38:28,2233.6,7
2014/4/16,9:38:28,2233.6,24
2014/4/16,9:38:29,2233.6,31
2014/4/16,9:38:29,2233.8,11
2014/4/16,9:38:30,2233.8,15
2014/4/16,9:38:30,2233.6,22
2014/4/16,9:38:31,2233.6,9
2014/4/16,9:38:31,2233.6,11
2014/4/16,9:38:32,2233.8,9
2014/4/16,9:38:32,2233.8,6
2014/4/16,9:38:33,2233.6,36
2014/4/16,9:38:33,2233.6,10
2014/4/16,9:38:34,2234.0,8
2014/4/16,9:38:34,2233.8,3
2014/4/16,9:38:35,2234.0,6
2014/4/16,9:38:35,2234.0,10
2014/4/16,9:38:36,2234.0,9
2014/4/16,9:38:36,2234.0,3
2014/4/16,9:38:37,2234.0,1
2014/4/16,9:38:37,2234.0,5
2014/4/16,9:38:38,2233.8,13
2014/4/16,9:38:38,2234.0,9
2014/4/16,9:38:39,2234.0,7
2014/4/16,9:38:39,2234.0,8
2014/4/16,9:38:40,2234.0,2
2014/4/16,9:38:40,2234.0,17
2014/4/16,9:38:41,2234.0,5
2014/4/16,9:38:41,2234.2,28
2014/4/16,9:38:42,2234.0,7
2014/4/16,9:38:42,2234.0,6
2014/4/16,9:38:43,2234.2,1
2014/4/16,9:38:43,2233.8,2
2014/4/16,9:38:44,2234.0,4
2014/4/16,9:38:44,2233.8,2
2014/4/16,9:38:45,2234.2,4
2014/4/16,9:38:45,2234.0,7
2014/4/16,9:38:46,2234.0,5
2014/4/16,9:38:46,2234.0,5
2014/4/16,9:38:47,2234.2,1
2014/4/16,9:38:47,2234.2,5
2014/4/16,9:38:48,2234.2,1
2014/4/16,9:38:48,2234.2,7
2014/4/16,9:38:49,2234.2,2
2014/4/16,9:38:49,2234.2,5
2014/4/16,9:38:50,2234.2,5
2014/4/16,9:38:50,2234.2,5
2014/4/16,9:38:51,2234.2,3
2014/4/16,9:38:51,2234.4,19
2014/4/16,9:38:52,2234.2,32
2014/4/16,9:38:52,2234.4,3
2014/4/16,9:38:53,2234.2,8
2014/4/16,9:38:53,2234.4,21
2014/4/16,9:38:54,2234.4,18
2014/4/16,9:38:54,2234.4,16
2014/4/16,9:38:55,2234.4,22
2014/4/16,9:38:55,2234.4,2
2014/4/16,9:38:56,2234.6,1
2014/4/16,9:38:56,2234.4,6
2014/4/16,9:38:57,2234.6,10
2014/4/16,9:38:57,2234.6,25
2014/4/16,9:38:58,2234.6,75
2014/4/16,9:38:58,2235.0,54
2014/4/16,9:38:59,2235.0,39
2014/4/16,9:38:59,2235.0,64
2014/4/16,9:39:00,2235.0,20
2014/4/16,9:39:00,2235.6,74
2014/4/16,9:39:01,2235.2,60
2014/4/16,9:39:01,2235.2,45
2014/4/16,9:39:02,2235.2,15
2014/4/16,9:39:02,2235.0,20
2014/4/16,9:39:03,2234.8,7
2014/4/16,9:39:03,2235.0,42
2014/4/16,9:39:04,2234.8,22
2014/4/16,9:39:04,2234.8,14
2014/4/16,9:39:05,2234.8,6
2014/4/16,9:39:05,2235.2,19
2014/4/16,9:39:06,2234.8,11
2014/4/16,9:39:06,2234.8,17
2014/4/16,9:39:07,2234.6,16
2014/4/16,9:39:07,2234.6,23
2014/4/16,9:39:08,2234.6,5
2014/4/16,9:39:08,2234.4,4
2014/4/16,9:39:09,2234.4,3
2014/4/16,9:39:09,2234.4,5
2014/4/16,9:39:10,2234.6,3
2014/4/16,9:39:10,2234.4,8
2014/4/16,9:39:11,2234.4,12
2014/4/16,9:39:11,2234.8,5
2014/4/16,9:39:12,2234.4,3
2014/4/16,9:39:12,2234.8,5
2014/4/16,9:39:13,2234.6,8
2014/4/16,9:39:13,2234.8,17
2014/4/16,9:39:14,2234.6,2
2014/4/16,9:39:14,2234.8,8
2014/4/16,9:39:15,2234.8,9
2014/4/16,9:39:15,2234.8,13
2014/4/16,9:39:16,2235.0,15
2014/4/16,9:39:16,2235.0,41
2014/4/16,9:39:17,2234.8,27
2014/4/16,9:39:17,2235.2,8
2014/4/16,9:39:18,2235.0,4
2014/4/16,9:39:18,2235.2,10
2014/4/16,9:39:19,2235.0,30
2014/4/16,9:39:19,2235.0,7
2014/4/16,9:39:20,2235.2,3
2014/4/16,9:39:20,2235.2,9
2014/4/16,9:39:21,2235.2,15
2014/4/16,9:39:21,2235.0,9
2014/4/16,9:39:22,2235.2,4
2014/4/16,9:39:22,2235.2,3
2014/4/16,9:39:23,2235.2,8
2014/4/16,9:39:23,2235.2,7
2014/4/16,9:39:24,2235.4,4
2014/4/16,9:39:24,2235.2,4
2014/4/16,9:39:25,2235.2,41
2014/4/16,9:39:25,2235.4,15
2014/4/16,9:39:26,2235.8,6
2014/4/16,9:39:26,2235.8,49
2014/4/16,9:39:27,2235.8,25
2014/4/16,9:39:27,2236.0,78
2014/4/16,9:39:28,2236.4,45
2014/4/16,9:39:28,2236.6,65
2014/4/16,9:39:29,2236.8,226
2014/4/16,9:39:29,2237.4,250
2014/4/16,9:39:30,2237.6,132
2014/4/16,9:39:30,2237.8,231
2014/4/16,9:39:31,2237.6,66
2014/4/16,9:39:31,2238.0,147
2014/4/16,9:39:32,2237.6,78
2014/4/16,9:39:32,2237.4,81
2014/4/16,9:39:33,2237.2,123
2014/4/16,9:39:33,2237.0,57
2014/4/16,9:39:34,2237.2,86
2014/4/16,9:39:34,2237.2,102
2014/4/16,9:39:35,2237.4,87
2014/4/16,9:39:35,2237.4,44
2014/4/16,9:39:36,2237.8,80
2014/4/16,9:39:36,2237.6,62
2014/4/16,9:39:37,2237.8,61
2014/4/16,9:39:37,2237.8,27
2014/4/16,9:39:38,2237.8,50
2014/4/16,9:39:38,2237.4,75
2014/4/16,9:39:39,2237.6,38
2014/4/16,9:39:39,2237.2,35
2014/4/16,9:39:40,2237.2,19
2014/4/16,9:39:40,2237.4,16
2014/4/16,9:39:41,2237.6,23
2014/4/16,9:39:41,2237.0,21
2014/4/16,9:39:42,2237.4,61
2014/4/16,9:39:42,2237.2,28
2014/4/16,9:39:43,2237.2,20
2014/4/16,9:39:43,2237.2,11
2014/4/16,9:39:44,2237.4,12
2014/4/16,9:39:44,2237.0,16
2014/4/16,9:39:45,2237.2,43
2014/4/16,9:39:45,2237.2,31
2014/4/16,9:39:46,2237.2,20
2014/4/16,9:39:46,2237.0,12
2014/4/16,9:39:47,2236.8,16
2014/4/16,9:39:47,2237.0,8
2014/4/16,9:39:48,2236.8,19
2014/4/16,9:39:48,2236.6,20
2014/4/16,9:39:49,2236.6,19
2014/4/16,9:39:49,2237.0,34
2014/4/16,9:39:50,2237.0,16
2014/4/16,9:39:50,2237.2,14
2014/4/16,9:39:51,2237.0,9
2014/4/16,9:39:51,2237.2,18
2014/4/16,9:39:52,2237.4,13
2014/4/16,9:39:52,2237.2,28
2014/4/16,9:39:53,2237.2,24
2014/4/16,9:39:53,2237.2,12
2014/4/16,9:39:54,2237.2,8
2014/4/16,9:39:54,2237.2,11
2014/4/16,9:39:55,2237.0,15
2014/4/16,9:39:55,2237.0,15
2014/4/16,9:39:56,2236.8,32
2014/4/16,9:39:56,2237.4,27
2014/4/16,9:39:57,2237.8,86
2014/4/16,9:39:57,2237.6,41
2014/4/16,9:39:58,2237.6,43
2014/4/16,9:39:58,2237.6,14
2014/4/16,9:39:59,2237.8,62
2014/4/16,9:39:59,2237.4,15
2014/4/16,9:40:00,2237.8,93
2014/4/16,9:40:00,2238.0,126
2014/4/16,9:40:01,2238.2,138
2014/4/16,9:40:01,2238.6,191
2014/4/16,9:40:02,2238.8,132
2014/4/16,9:40:02,2238.8,103
2014/4/16,9:40:03,2239.2,119
2014/4/16,9:40:03,2239.4,145
2014/4/16,9:40:04,2238.8,73
2014/4/16,9:40:04,2238.8,65
2014/4/16,9:40:05,2238.8,98
2014/4/16,9:40:05,2238.6,103
2014/4/16,9:40:06,2238.8,25
2014/4/16,9:40:06,2239.0,99
2014/4/16,9:40:07,2238.6,67
2014/4/16,9:40:07,2238.4,92
2014/4/16,9:40:08,2238.0,54
2014/4/16,9:40:08,2237.8,67
2014/4/16,9:40:09,2237.8,26
2014/4/16,9:40:09,2237.6,61
2014/4/16,9:40:10,2237.6,63
2014/4/16,9:40:10,2237.6,18
2014/4/16,9:40:11,2237.6,24
2014/4/16,9:40:11,2238.2,31
2014/4/16,9:40:12,2237.8,37
2014/4/16,9:40:12,2237.8,52
2014/4/16,9:40:13,2237.6,16
2014/4/16,9:40:13,2237.6,31
2014/4/16,9:40:14,2237.4,13
2014/4/16,9:40:14,2237.6,29
2014/4/16,9:40:15,2237.6,14
2014/4/16,9:40:15,2237.2,37
2014/4/16,9:40:16,2237.4,15
2014/4/16,9:40:16,2237.2,33
2014/4/16,9:40:17,2237.4,8
2014/4/16,9:40:17,2237.4,24
2014/4/16,9:40:18,2237.4,7
2014/4/16,9:40:18,2237.6,19
2014/4/16,9:40:19,2237.6,53
2014/4/16,9:40:19,2237.6,27
2014/4/16,9:40:20,2237.6,47
2014/4/16,9:40:20,2237.4,14
2014/4/16,9:40:21,2237.4,3
2014/4/16,9:40:21,2237.4,38
2014/4/16,9:40:22,2237.8,9
2014/4/16,9:40:22,2237.8,4
2014/4/16,9:40:23,2237.4,14
2014/4/16,9:40:23,2237.6,24
2014/4/16,9:40:24,2237.8,32
2014/4/16,9:40:24,2237.8,10
2014/4/16,9:40:25,2237.4,24
2014/4/16,9:40:25,2237.6,18
2014/4/16,9:40:26,2237.6,8
2014/4/16,9:40:26,2237.4,15
2014/4/16,9:40:27,2237.4,8
2014/4/16,9:40:27,2237.6,3
2014/4/16,9:40:28,2237.4,9
2014/4/16,9:40:28,2237.6,5
2014/4/16,9:40:29,2237.6,30
2014/4/16,9:40:29,2237.6,4
2014/4/16,9:40:30,2237.4,9
2014/4/16,9:40:30,2237.8,11
2014/4/16,9:40:31,2237.6,8
2014/4/16,9:40:31,2237.6,12
2014/4/16,9:40:32,2237.8,9
2014/4/16,9:40:32,2237.6,10
2014/4/16,9:40:33,2237.6,5
2014/4/16,9:40:33,2237.6,6
2014/4/16,9:40:34,2237.4,8
2014/4/16,9:40:34,2237.8,12
2014/4/16,9:40:35,2237.6,5
2014/4/16,9:40:35,2237.6,8
2014/4/16,9:40:36,2237.6,20
2014/4/16,9:40:36,2237.8,2
2014/4/16,9:40:37,2237.6,9
2014/4/16,9:40:37,2237.8,5
2014/4/16,9:40:38,2237.8,11
2014/4/16,9:40:38,2237.4,13
2014/4/16,9:40:39,2237.6,14
2014/4/16,9:40:39,2237.6,8
2014/4/16,9:40:40,2237.6,28
2014/4/16,9:40:40,2237.8,21
2014/4/16,9:40:41,2237.6,11
2014/4/16,9:40:41,2237.6,3
2014/4/16,9:40:42,2237.6,8
2014/4/16,9:40:42,2237.6,4
2014/4/16,9:40:43,2237.6,5
2014/4/16,9:40:43,2237.6,51
2014/4/16,9:40:44,2237.6,4
2014/4/16,9:40:44,2237.4,8
2014/4/16,9:40:45,2237.6,11
2014/4/16,9:40:45,2237.2,14
2014/4/16,9:40:46,2237.2,11
2014/4/16,9:40:46,2237.0,13
2014/4/16,9:40:47,2237.0,11
2014/4/16,9:40:47,2237.0,36
2014/4/16,9:40:48,2237.0,14
2014/4/16,9:40:48,2237.2,16
2014/4/16,9:40:49,2237.2,7
2014/4/16,9:40:49,2237.0,7
2014/4/16,9:40:50,2237.0,24
2014/4/16,9:40:50,2237.0,16
2014/4/16,9:40:51,2237.0,14
2014/4/16,9:40:51,2236.8,72
2014/4/16,9:40:52,2236.8,11
2014/4/16,9:40:52,2236.8,15
2014/4/16,9:40:53,2237.0,35
2014/4/16,9:40:53,2237.0,25
2014/4/16,9:40:54,2237.2,12
2014/4/16,9:40:54,2237.0,8
2014/4/16,9:40:55,2237.2,13
2014/4/16,9:40:55,2237.2,7
2014/4/16,9:40:56,2237.0,50
2014/4/16,9:40:56,2236.8,11
2014/4/16,9:40:57,2237.0,14
2014/4/16,9:40:57,2237.0,10
2014/4/16,9:40:58,2237.0,18
2014/4/16,9:40:58,2237.0,14
2014/4/16,9:40:59,2236.8,19
2014/4/16,9:40:59,2236.8,14
2014/4/16,9:41:00,2236.8,43
2014/4/16,9:41:00,2236.8,61
2014/4/16,9:41:01,2236.8,39
2014/4/16,9:41:01,2237.0,19
2014/4/16,9:41:02,2237.2,35
2014/4/16,9:41:02,2236.8,13
2014/4/16,9:41:03,2236.8,21
2014/4/16,9:41:03,2237.0,9
2014/4/16,9:41:04,2237.0,7
2014/4/16,9:41:04,2236.8,24
2014/4/16,9:41:05,2237.0,11
2014/4/16,9:41:05,2237.0,12
2014/4/16,9:41:06,2236.6,73
2014/4/16,9:41:06,2236.8,10
2014/4/16,9:41:07,2236.8,12
2014/4/16,9:41:07,2236.8,17
2014/4/16,9:41:08,2236.8,2
2014/4/16,9:41:08,2236.8,9
2014/4/16,9:41:09,2237.0,5
2014/4/16,9:41:09,2237.0,17
2014/4/16,9:41:10,2237.0,13
2014/4/16,9:41:10,2237.0,15
2014/4/16,9:41:11,2237.0,18
2014/4/16,9:41:11,2237.0,12
2014/4/16,9:41:12,2237.2,5
2014/4/16,9:41:12,2237.2,14
2014/4/16,9:41:13,2237.2,8
2014/4/16,9:41:13,2237.2,19
2014/4/16,9:41:14,2237.0,4
2014/4/16,9:41:14,2237.0,21
2014/4/16,9:41:15,2237.4,36
2014/4/16,9:41:15,2237.4,13
2014/4/16,9:41:16,2237.2,30
2014/4/16,9:41:16,2237.2,4
2014/4/16,9:41:17,2237.2,9
2014/4/16,9:41:17,2237.2,14
2014/4/16,9:41:18,2237.2,15
2014/4/16,9:41:18,2237.0,15
2014/4/16,9:41:19,2237.0,13
2014/4/16,9:41:19,2237.2,26
2014/4/16,9:41:20,2237.4,4
2014/4/16,9:41:20,2237.6,26
2014/4/16,9:41:21,2237.2,25
2014/4/16,9:41:21,2237.6,9
2014/4/16,9:41:22,2237.6,12
2014/4/16,9:41:22,2237.2,11
2014/4/16,9:41:23,2237.6,9
2014/4/16,9:41:23,2237.6,33
2014/4/16,9:41:24,2237.8,13
2014/4/16,9:41:24,2238.0,33
2014/4/16,9:41:25,2237.6,48
2014/4/16,9:41:25,2238.0,74
2014/4/16,9:41:26,2238.0,12
2014/4/16,9:41:26,2238.2,34
2014/4/16,9:41:27,2238.0,9
2014/4/16,9:41:27,2238.2,14
2014/4/16,9:41:28,2237.4,39
2014/4/16,9:41:28,2237.6,50
2014/4/16,9:41:29,2237.8,6
2014/4/16,9:41:29,2237.8,5
2014/4/16,9:41:30,2237.8,15
2014/4/16,9:41:30,2238.0,7
2014/4/16,9:41:31,2237.8,26
2014/4/16,9:41:31,2238.2,4
2014/4/16,9:41:32,2238.0,14
2014/4/16,9:41:32,2238.0,43
2014/4/16,9:41:33,2238.2,7
2014/4/16,9:41:33,2238.2,26
2014/4/16,9:41:34,2238.4,8
2014/4/16,9:41:34,2238.4,19
2014/4/16,9:41:35,2238.2,7
2014/4/16,9:41:35,2238.6,47
2014/4/16,9:41:36,2238.6,19
2014/4/16,9:41:36,2238.4,37
2014/4/16,9:41:37,2238.4,44
2014/4/16,9:41:37,2238.6,9
2014/4/16,9:41:38,2238.4,10
2014/4/16,9:41:38,2238.6,14
2014/4/16,9:41:39,2238.6,12
2014/4/16,9:41:39,2238.6,9
2014/4/16,9:41:40,2238.4,11
2014/4/16,9:41:40,2238.2,33
2014/4/16,9:41:41,2238.4,38
2014/4/16,9:41:41,2238.2,8
2014/4/16,9:41:42,2238.4,28
2014/4/16,9:41:42,2238.4,31
2014/4/16,9:41:43,2238.2,16
2014/4/16,9:41:43,2238.2,16
2014/4/16,9:41:44,2238.2,9
2014/4/16,9:41:44,2238.0,32
2014/4/16,9:41:45,2237.8,9
2014/4/16,9:41:45,2237.8,25
2014/4/16,9:41:46,2237.8,30
2014/4/16,9:41:46,2237.6,16
2014/4/16,9:41:47,2237.8,20
2014/4/16,9:41:47,2238.0,23
2014/4/16,9:41:48,2237.8,5
2014/4/16,9:41:48,2237.8,15
2014/4/16,9:41:49,2237.8,6
2014/4/16,9:41:49,2237.8,14
2014/4/16,9:41:50,2237.8,9
2014/4/16,9:41:50,2238.2,5
2014/4/16,9:41:51,2237.8,26
2014/4/16,9:41:51,2237.8,39
2014/4/16,9:41:52,2237.8,29
2014/4/16,9:41:52,2237.8,10
2014/4/16,9:41:53,2238.0,8
2014/4/16,9:41:53,2237.8,12
2014/4/16,9:41:54,2237.6,26
2014/4/16,9:41:54,2237.4,8
2014/4/16,9:41:55,2237.2,12
2014/4/16,9:41:55,2237.6,17
2014/4/16,9:41:56,2237.2,15
2014/4/16,9:41:56,2237.2,34
2014/4/16,9:41:57,2237.8,7
2014/4/16,9:41:57,2237.4,17
2014/4/16,9:41:58,2237.6,17
2014/4/16,9:41:58,2237.6,9
2014/4/16,9:41:59,2237.8,9
2014/4/16,9:41:59,2237.6,9
2014/4/16,9:42:00,2237.8,9
2014/4/16,9:42:00,2238.2,43
2014/4/16,9:42:01,2238.0,18
2014/4/16,9:42:01,2237.8,30
2014/4/16,9:42:02,2237.8,31
2014/4/16,9:42:02,2237.6,97
2014/4/16,9:42:03,2237.2,24
2014/4/16,9:42:03,2237.2,21
2014/4/16,9:42:04,2237.4,17
2014/4/16,9:42:04,2237.6,50
2014/4/16,9:42:05,2238.0,54
2014/4/16,9:42:05,2238.0,17
2014/4/16,9:42:06,2237.8,34
2014/4/16,9:42:06,2237.6,31
2014/4/16,9:42:07,2237.6,78
2014/4/16,9:42:07,2237.4,14
2014/4/16,9:42:08,2237.6,9
2014/4/16,9:42:08,2237.8,13
2014/4/16,9:42:09,2237.6,44
2014/4/16,9:42:09,2237.8,9
2014/4/16,9:42:10,2237.6,6
2014/4/16,9:42:10,2237.6,10
2014/4/16,9:42:11,2237.6,5
2014/4/16,9:42:11,2237.6,16
2014/4/16,9:42:12,2237.8,18
2014/4/16,9:42:12,2237.6,6
2014/4/16,9:42:13,2237.6,8
2014/4/16,9:42:13,2237.8,44
2014/4/16,9:42:14,2237.8,19
2014/4/16,9:42:14,2237.8,13
2014/4/16,9:42:15,2237.6,48
2014/4/16,9:42:15,2237.6,6
2014/4/16,9:42:16,2237.4,11
2014/4/16,9:42:16,2237.6,6
2014/4/16,9:42:17,2237.8,21
2014/4/16,9:42:17,2237.6,23
2014/4/16,9:42:18,2237.4,8
2014/4/16,9:42:18,2237.6,16
2014/4/16,9:42:19,2237.4,32
2014/4/16,9:42:19,2237.4,14
2014/4/16,9:42:20,2237.4,9
2014/4/16,9:42:20,2237.4,24
2014/4/16,9:42:21,2237.2,6
2014/4/16,9:42:21,2237.2,69
2014/4/16,9:42:22,2237.4,25
2014/4/16,9:42:22,2237.4,12
2014/4/16,9:42:23,2237.4,8
2014/4/16,9:42:23,2237.4,13
2014/4/16,9:42:24,2237.6,7
2014/4/16,9:42:24,2237.4,8
2014/4/16,9:42:25,2237.6,21
2014/4/16,9:42:25,2237.2,25
2014/4/16,9:42:26,2237.4,15
2014/4/16,9:42:26,2237.2,8
2014/4/16,9:42:27,2237.2,10
2014/4/16,9:42:27,2237.2,10
2014/4/16,9:42:28,2237.0,33
2014/4/16,9:42:28,2237.0,25
2014/4/16,9:42:29,2237.0,7
2014/4/16,9:42:29,2237.0,17
2014/4/16,9:42:30,2237.2,29
2014/4/16,9:42:30,2237.2,13
2014/4/16,9:42:31,2237.0,7
2014/4/16,9:42:31,2237.4,10
2014/4/16,9:42:32,2237.2,8
2014/4/16,9:42:32,2237.2,11
2014/4/16,9:42:33,2237.2,7
2014/4/16,9:42:33,2237.2,6
2014/4/16,9:42:34,2237.6,1
2014/4/16,9:42:34,2237.2,3
2014/4/16,9:42:35,2237.6,10
2014/4/16,9:42:35,2237.4,8
2014/4/16,9:42:36,2237.2,137
2014/4/16,9:42:36,2237.0,22
2014/4/16,9:42:37,2237.0,11
2014/4/16,9:42:37,2236.8,7
2014/4/16,9:42:38,2236.8,16
2014/4/16,9:42:38,2236.6,41
2014/4/16,9:42:39,2236.6,12
2014/4/16,9:42:39,2236.6,13
2014/4/16,9:42:40,2236.8,30
2014/4/16,9:42:40,2236.6,14
2014/4/16,9:42:41,2236.8,11
2014/4/16,9:42:41,2236.6,34
2014/4/16,9:42:42,2236.6,12
2014/4/16,9:42:42,2236.6,16
2014/4/16,9:42:43,2236.8,8
2014/4/16,9:42:43,2236.6,24
2014/4/16,9:42:44,2236.8,16
2014/4/16,9:42:44,2236.6,42
2014/4/16,9:42:45,2236.8,107
2014/4/16,9:42:45,2236.8,22
2014/4/16,9:42:46,2236.8,4
2014/4/16,9:42:46,2237.0,15
2014/4/16,9:42:47,2237.0,18
2014/4/16,9:42:47,2237.2,22
2014/4/16,9:42:48,2237.4,4
2014/4/16,9:42:48,2237.2,12
2014/4/16,9:42:49,2237.0,4
2014/4/16,9:42:49,2237.0,4
2014/4/16,9:42:50,2237.0,2
2014/4/16,9:42:50,2237.0,9
2014/4/16,9:42:51,2237.0,18
2014/4/16,9:42:51,2237.0,11
2014/4/16,9:42:52,2237.0,3
2014/4/16,9:42:52,2237.2,5
2014/4/16,9:42:53,2237.0,6
2014/4/16,9:42:53,2237.0,11
2014/4/16,9:42:54,2237.0,1
2014/4/16,9:42:54,2237.2,13
2014/4/16,9:42:55,2237.2,5
2014/4/16,9:42:55,2237.2,1
2014/4/16,9:42:56,2237.2,4
2014/4/16,9:42:56,2237.0,1
2014/4/16,9:42:57,2237.2,2
2014/4/16,9:42:57,2237.0,10
2014/4/16,9:42:58,2237.0,18
2014/4/16,9:42:59,2237.2,4
2014/4/16,9:42:59,2237.0,2
2014/4/16,9:43:00,2237.0,6
2014/4/16,9:43:00,2237.4,26
2014/4/16,9:43:01,2237.0,26
2014/4/16,9:43:01,2237.2,19
2014/4/16,9:43:02,2237.4,19
2014/4/16,9:43:02,2237.4,15
2014/4/16,9:43:03,2237.2,6
2014/4/16,9:43:03,2237.4,35
2014/4/16,9:43:04,2237.4,21
2014/4/16,9:43:04,2237.4,8
2014/4/16,9:43:05,2237.6,7
2014/4/16,9:43:05,2237.8,64
2014/4/16,9:43:06,2238.0,71
2014/4/16,9:43:06,2238.0,21
2014/4/16,9:43:07,2238.0,30
2014/4/16,9:43:07,2237.8,7
2014/4/16,9:43:08,2237.8,11
2014/4/16,9:43:08,2237.6,10
2014/4/16,9:43:09,2237.6,3
2014/4/16,9:43:09,2237.6,6
2014/4/16,9:43:10,2237.4,7
2014/4/16,9:43:10,2237.4,15
2014/4/16,9:43:11,2237.0,27
2014/4/16,9:43:11,2237.2,5
2014/4/16,9:43:12,2237.4,21
2014/4/16,9:43:12,2237.0,12
2014/4/16,9:43:13,2237.0,14
2014/4/16,9:43:13,2237.2,16
2014/4/16,9:43:14,2237.2,8
2014/4/16,9:43:14,2237.4,5
2014/4/16,9:43:15,2237.0,5
2014/4/16,9:43:15,2237.4,9
2014/4/16,9:43:16,2237.2,4
2014/4/16,9:43:16,2237.2,6
2014/4/16,9:43:17,2237.4,8
2014/4/16,9:43:17,2237.4,2
2014/4/16,9:43:18,2237.4,13
2014/4/16,9:43:18,2237.4,9
2014/4/16,9:43:19,2237.4,6
2014/4/16,9:43:20,2237.4,6
2014/4/16,9:43:20,2237.2,3
2014/4/16,9:43:21,2237.2,12
2014/4/16,9:43:21,2237.4,5
2014/4/16,9:43:22,2237.2,11
2014/4/16,9:43:22,2237.2,10
2014/4/16,9:43:23,2237.2,18
2014/4/16,9:43:23,2237.2,3
2014/4/16,9:43:24,2237.4,15
2014/4/16,9:43:24,2237.4,18
2014/4/16,9:43:25,2237.6,23
2014/4/16,9:43:26,2237.6,3
2014/4/16,9:43:26,2237.4,2
2014/4/16,9:43:27,2237.6,2
2014/4/16,9:43:27,2237.4,2
2014/4/16,9:43:28,2237.6,10
2014/4/16,9:43:28,2237.4,18
2014/4/16,9:43:29,2237.6,20
2014/4/16,9:43:30,2237.6,4
2014/4/16,9:43:30,2237.6,2
2014/4/16,9:43:31,2237.6,63
2014/4/16,9:43:31,2237.8,7
2014/4/16,9:43:32,2237.8,4
2014/4/16,9:43:32,2238.0,12
2014/4/16,9:43:33,2238.0,34
2014/4/16,9:43:33,2238.0,63
2014/4/16,9:43:34,2238.2,58
2014/4/16,9:43:34,2238.2,19
2014/4/16,9:43:35,2238.4,33
2014/4/16,9:43:35,2238.4,23
2014/4/16,9:43:36,2238.4,8
2014/4/16,9:43:36,2238.2,10
2014/4/16,9:43:37,2238.2,12
2014/4/16,9:43:37,2238.4,15
2014/4/16,9:43:38,2238.0,40
2014/4/16,9:43:38,2238.0,76
2014/4/16,9:43:39,2237.8,12
2014/4/16,9:43:39,2237.8,11
2014/4/16,9:43:40,2237.6,3
2014/4/16,9:43:40,2237.6,12
2014/4/16,9:43:41,2237.6,26
2014/4/16,9:43:41,2237.4,23
2014/4/16,9:43:42,2237.2,3
2014/4/16,9:43:42,2237.4,89
2014/4/16,9:43:43,2237.4,4
2014/4/16,9:43:43,2237.2,35
2014/4/16,9:43:44,2237.2,2
2014/4/16,9:43:44,2237.0,6
2014/4/16,9:43:45,2237.0,61
2014/4/16,9:43:45,2236.8,17
2014/4/16,9:43:46,2236.8,50
2014/4/16,9:43:46,2237.2,10
2014/4/16,9:43:47,2237.0,5
2014/4/16,9:43:47,2237.0,7
2014/4/16,9:43:48,2237.0,23
2014/4/16,9:43:48,2237.2,9
2014/4/16,9:43:49,2237.2,3
2014/4/16,9:43:49,2237.2,5
2014/4/16,9:43:50,2237.2,1
2014/4/16,9:43:50,2237.0,6
2014/4/16,9:43:51,2237.2,2
2014/4/16,9:43:52,2237.0,5
2014/4/16,9:43:52,2237.0,9
2014/4/16,9:43:53,2237.0,2
2014/4/16,9:43:53,2237.0,17
2014/4/16,9:43:54,2237.0,8
2014/4/16,9:43:54,2236.8,16
2014/4/16,9:43:55,2236.8,2
2014/4/16,9:43:55,2236.8,11
2014/4/16,9:43:56,2236.6,11
2014/4/16,9:43:56,2236.6,19
2014/4/16,9:43:57,2236.6,44
2014/4/16,9:43:57,2236.8,11
2014/4/16,9:43:58,2236.4,47
2014/4/16,9:43:58,2236.6,17
2014/4/16,9:43:59,2236.6,14
2014/4/16,9:43:59,2236.4,10
2014/4/16,9:44:00,2236.6,10
2014/4/16,9:44:00,2236.8,28
2014/4/16,9:44:01,2236.4,41
2014/4/16,9:44:01,2236.6,5
2014/4/16,9:44:02,2236.6,13
2014/4/16,9:44:02,2236.4,11
2014/4/16,9:44:03,2236.4,15
2014/4/16,9:44:03,2236.4,32
2014/4/16,9:44:04,2236.4,34
2014/4/16,9:44:04,2236.4,15
2014/4/16,9:44:05,2236.4,26
2014/4/16,9:44:05,2236.2,15
2014/4/16,9:44:06,2236.2,40
2014/4/16,9:44:06,2236.4,31
2014/4/16,9:44:07,2236.2,10
2014/4/16,9:44:07,2236.4,11
2014/4/16,9:44:08,2236.4,10
2014/4/16,9:44:08,2236.4,15
2014/4/16,9:44:09,2236.4,10
2014/4/16,9:44:09,2236.2,5
2014/4/16,9:44:10,2236.4,11
2014/4/16,9:44:10,2236.2,52
2014/4/16,9:44:11,2236.2,36
2014/4/16,9:44:11,2236.2,17
2014/4/16,9:44:12,2236.2,8
2014/4/16,9:44:12,2236.0,13
2014/4/16,9:44:13,2236.0,52
2014/4/16,9:44:13,2235.8,48
2014/4/16,9:44:14,2235.8,21
2014/4/16,9:44:14,2235.8,18
2014/4/16,9:44:15,2235.8,17
2014/4/16,9:44:15,2235.8,54
2014/4/16,9:44:16,2236.0,17
2014/4/16,9:44:16,2236.0,32
2014/4/16,9:44:17,2236.0,19
2014/4/16,9:44:17,2236.0,24
2014/4/16,9:44:18,2236.0,11
2014/4/16,9:44:18,2236.0,13
2014/4/16,9:44:19,2236.0,6
2014/4/16,9:44:19,2236.0,7
2014/4/16,9:44:20,2236.2,6
2014/4/16,9:44:20,2236.4,12
2014/4/16,9:44:21,2236.4,11
2014/4/16,9:44:21,2236.2,9
2014/4/16,9:44:22,2236.0,20
2014/4/16,9:44:22,2236.2,21
2014/4/16,9:44:23,2236.0,42
2014/4/16,9:44:23,2236.0,10
2014/4/16,9:44:24,2236.0,2
2014/4/16,9:44:24,2236.0,16
2014/4/16,9:44:25,2236.0,10
2014/4/16,9:44:25,2236.0,21
2014/4/16,9:44:26,2236.0,8
2014/4/16,9:44:26,2236.0,8
2014/4/16,9:44:27,2236.0,6
2014/4/16,9:44:27,2235.8,1
2014/4/16,9:44:28,2236.0,7
2014/4/16,9:44:28,2236.0,6
2014/4/16,9:44:29,2236.0,8
2014/4/16,9:44:29,2236.2,18
2014/4/16,9:44:30,2236.0,9
2014/4/16,9:44:30,2236.0,41
2014/4/16,9:44:31,2235.6,36
2014/4/16,9:44:31,2235.8,34
2014/4/16,9:44:32,2236.0,15
2014/4/16,9:44:32,2236.0,20
2014/4/16,9:44:33,2235.8,25
2014/4/16,9:44:33,2236.0,16
2014/4/16,9:44:34,2236.0,25
2014/4/16,9:44:34,2236.0,6
2014/4/16,9:44:35,2235.8,6
2014/4/16,9:44:35,2235.8,12
2014/4/16,9:44:36,2236.0,14
2014/4/16,9:44:36,2235.8,16
2014/4/16,9:44:37,2236.0,50
2014/4/16,9:44:37,2236.0,5
2014/4/16,9:44:38,2236.0,4
2014/4/16,9:44:38,2236.0,6
2014/4/16,9:44:39,2235.8,2
2014/4/16,9:44:39,2235.8,5
2014/4/16,9:44:40,2236.0,55
2014/4/16,9:44:40,2235.6,52
2014/4/16,9:44:41,2235.6,20
2014/4/16,9:44:41,2235.8,12
2014/4/16,9:44:42,2235.8,3
2014/4/16,9:44:42,2235.6,16
2014/4/16,9:44:43,2235.6,5
2014/4/16,9:44:43,2235.8,13
2014/4/16,9:44:44,2235.6,40
2014/4/16,9:44:44,2235.6,31
2014/4/16,9:44:45,2235.6,16
2014/4/16,9:44:45,2235.6,31
2014/4/16,9:44:46,2235.4,37
2014/4/16,9:44:46,2235.4,17
2014/4/16,9:44:47,2235.6,21
2014/4/16,9:44:47,2235.6,69
2014/4/16,9:44:48,2235.4,12
2014/4/16,9:44:48,2235.4,8
2014/4/16,9:44:49,2235.4,8
2014/4/16,9:44:49,2235.4,41
2014/4/16,9:44:50,2235.6,10
2014/4/16,9:44:50,2235.6,16
2014/4/16,9:44:51,2235.6,13
2014/4/16,9:44:51,2235.6,33
2014/4/16,9:44:52,2235.6,3
2014/4/16,9:44:52,2235.8,25
2014/4/16,9:44:53,2235.8,39
2014/4/16,9:44:53,2236.2,44
2014/4/16,9:44:54,2236.0,21
2014/4/16,9:44:54,2236.0,18
2014/4/16,9:44:55,2236.0,18
2014/4/16,9:44:55,2236.2,44
2014/4/16,9:44:56,2236.0,19
2014/4/16,9:44:56,2236.0,4
2014/4/16,9:44:57,2236.2,5
2014/4/16,9:44:57,2236.2,6
2014/4/16,9:44:58,2236.2,5
2014/4/16,9:44:58,2236.2,17
2014/4/16,9:44:59,2236.4,33
2014/4/16,9:44:59,2236.2,14
2014/4/16,9:45:00,2236.4,11
2014/4/16,9:45:00,2236.8,95
2014/4/16,9:45:01,2237.0,82
2014/4/16,9:45:01,2237.2,64
